2392 3888
113 184 176 248 206
436 186 479 246 Μ.
498 184 589 248 VAL.
608 187 833 250 MARTIALIS
856 239 864 254 .

200 439 276 499 Ilum
291 455 393 497 eomes
408 438 532 497 Arctois
546 339 694 499 hollrxelIl
708 440 849 501 Caea'aria
864 445 957 502 armis

240 519 366 599 VeIIua,
387 521 466 580 hano
481 521 576 582 Marti
590 522 739 602 produce
753 525 837 584 vovit
852 545 946 587 avem.

200 607 286 666 Luna
301 611 411 686 quater
425 607 514 665 biuoa
529 624 590 664 uon
606 612 672 666 Iota
686 616 855 686 peregerat
868 611 979 689 orbea,

242 691 354 751 Debita
366 692 515 769 poaeebat
528 691 588 748 iam
605 691 667 750 sibi
680 697 750 751 vota
767 691 851 752 deus.

178 776 270 855 elpae
285 793 354 834 auae
372 791 463 833 auaer
481 775 660 853 properavit
672 772 772 834 laetus
788 774 827 834 ad
840 796 906 836 aras

240 860 282 918 ut
297 856 411 917 cecidit
424 858 537 916 sanctia
551 857 653 916 hostia
666 878 758 937 parva
772 859 859 919 socia.

201 943 279 1004 Octo
295 940 381 1002 videa
396 938 503 1020 patulo
517 939 658 1020 pendere
671 943 852 1002 nomismata
866 949 970 1004 rostro
1055 993 1061 1010 .

242 1025 357 1086 Alitis?
377 1025 454 1085 haec
471 1025 551 1084 extis
568 1022 692 1084 condita
706 1044 806 1105 nuper
821 1032 919 1087 erant.
939 1023 943 1032 '

201 1112 285 1187 Quae
301 1107 373 1169 litat
387 1115 514 1187 argento
526 1127 583 1188 pro
597 1114 647 1186 te,
666 1127 728 1168 uou
744 1111 907 1188 sauguine,
927 1109 1064 1192 caesar,
1181 1119 1182 1136 ³

38 1231 41 1238 ·
160 1205 193 1256 10
241 1193 390 1271 VicIIma,
411 1193 471 1252 iam
485 1192 571 1251 ferro
586 1211 647 1250 uon
663 1211 739 1272 opus
755 1212 823 1252 asae
841 1193 941 1254 docet.

578 1305 698 1366 XXXII.

201 1403 288 1462 Hauc
303 1400 390 1476 volo,
412 1420 489 1481 quae
505 1402 623 1480 facilia,
646 1421 724 1481 quae
738 1402 900 1483 palliolata
913 1411 1062 1484 vagatur,

243 1487 330 1545 Hauc
344 1483 432 1563 volo,
456 1503 534 1564 quae
548 1505 646 1566 puero
660 1489 720 1546 iam
737 1486 825 1547 dedit
838 1495 910 1548 aute
924 1501 1013 1563 meo;

203 1571 289 1630 Hauc
304 1567 390 1643 uolo,
413 1589 501 1648 quam
517 1568 643 1630 redimit
658 1577 751 1630 totam
767 1569 912 1632 denarius
926 1570 1028 1652 alter,

243 1653 330 1712 Hauc
344 1652 430 1730 volo,
452 1671 530 1731 quae
544 1655 663 1733 pariter
676 1654 791 1714 suflicit
807 1675 866 1714 uua
880 1657 989 1716 tribua.

183 1736 388 1799 bl'oaaeutem
402 1755 540 1795 nummos
558 1743 591 1795 et
605 1735 732 1814 grandia
746 1740 840 1798 verba
855 1746 1019 1799 aouautem

242 1819 406 1880 Possideat
420 1837 543 1879 crassae
555 1818 692 1881 mentula
706 1820 901 1900 Burdigalae.

570 1932 707 1994 XXXIII.

202 2025 346 2087 Audieris
360 2027 393 2086 Iu
408 2048 485 2107 quo,
505 2026 638 2107 Flacoe,
662 2027 770 2088 balneo
785 2026 940 2108 plausum,

202 2111 354 2171 MatrouIa
367 2108 433 2172 Illic
449 2130 518 2172 ease
534 2111 700 2172 mentulam
716 2113 803 2172 seito.

568 2246 704 2308 XXXIV.

200 2345 338 2425 Iuppiter
353 2343 436 2404 Idaei
450 2346 521 2405 risit
534 2346 693 2405 mendacia
706 2345 803 2419 busti,

242 2427 320 2488 Dum
333 2426 419 2488 videt
432 2429 561 2507 Auguati
575 2427 682 2489 lilavia
696 2425 811 2506 templa
824 2423 905 2506 poli,

201 2513 305 2590 Atque
320 2512 403 2571 Inter
417 2531 538 2572 menaea
551 2511 639 2591 largo
655 2514 714 2572 iam
728 2515 855 2570 nectare
871 2508 976 2584 fusus,

243 2592 359 2655 Pocula
374 2614 442 2655 com
458 2596 554 2656 Marti
567 2595 709 2656 traderet
723 2596 791 2674 Ipae
806 2611 860 2652 suo
868 2634 877 2669 ,

179 2678 385 2757 blleapicieua
398 2680 558 2740 Phoebum
572 2681 691 2761 pariter
704 2677 886 2754 Phoebique
901 2690 1063 2752 sororem,

244 2763 320 2823 Cum
336 2764 446 2843 quibua
460 2761 587 2824 Alcides
601 2770 635 2824 et
647 2764 716 2844 piua
730 2763 827 2820 Arcas
842 2763 923 2818 erat:

201 2846 339 2924 „Guoaia
354 2848 429 2907 voa“
443 2848 545 2926 iuquit
559 2848 670 2924 „uobis
685 2845 871 2906 monimenta
885 2839 1034 2900 dedistis:

244 2929 389 3008 Gemite,
410 2949 498 3009 quam
512 2929 582 3010 plua
598 2933 655 3008 ait,
679 2927 819 2990 Caesaris
835 2943 904 2985 ease
919 2922 1077 3004 patrem.“

576 3063 702 3124 XXXV.

201 3161 330 3221 Artibus
342 3161 531 3240 hiaaemper
547 3180 669 3236 cenam,
691 3157 887 3232 Philomelae,
909 3154 1062 3232 merei-ia,

242 3241 380 3302 I’lurIma
398 3242 469 3302 dum
483 3244 589 3320 ssogia,
607 3241 664 3302 aed
678 3243 764 3322 quaai
777 3260 850 3301 vera
866 3239 975 3299 refers.

203 3323 288 3399 Seis,
311 3323 385 3402 quid
398 3326 430 3383 iu
443 3326 569 3384 Arsacia
585 3326 719 3384 Pacorus
735 3323 892 3384 deliberet
906 3319 990 3397 aula,

244 3405 453 3484 Rhengenam
466 3425 608 3466 numeras
625 3407 884 3485 Sarmaticamque
899 3423 1042 3478 mauum3
