2392 3888
194 385 260 447 sm
275 402 363 462 quum
377 401 440 442 non
453 382 599 460 tetricus,
623 402 712 461 quam
727 380 811 442 nulla
824 382 947 444 nubilus
962 385 1025 461 ira,

132 231 195 298 130
455 229 500 291 m.
515 229 608 294 vsu.
622 229 848 291 minumus
873 207 879 220 '

260 469 356 543 Quam
369 465 493 548 placido
508 472 630 525 nostras
646 464 768 545 legerat
782 485 838 527 ore
852 468 977 545 preces!

217 550 305 611 Talis
320 549 511 630 supplicibus
524 549 635 610 tribuit
650 548 824 609 diademata
840 550 930 611 lisois

257 635 299 695 in
313 633 503 715 Capitolinas
519 634 607 712 itque
621 632 767 713 reditque
781 635 853 695 vias.

216 719 272 778 Dio
286 736 414 799 precor,
435 736 452 776 o
468 717 569 776 nostri
584 715 634 775 dio
650 717 773 777 oonsoia
787 717 873 794 virgo
889 715 1059 796 Tonantis,

176 815 210 866 10
260 801 293 862 Si
307 808 399 880 negat
411 802 472 860 hoo
485 798 586 877 voltu,
607 817 667 879 quo
683 798 763 859 solet
778 818 852 877 ergo
869 798 966 860 dare?

218 887 270 947 Sic
284 904 357 964 ego:
380 886 424 944 sio
435 884 574 944 breviter
590 884 692 964 posita
710 884 786 943 mihi
801 883 946 962 Gorgone
960 881 1078 944 Pallas:

258 970 366 1049 „Quae
380 966 516 1028 noudum
531 966 602 1027 data
617 974 704 1045 suut,
726 966 837 1046 stulte,
859 973 969 1045 negata
982 968 1113 1048 Ριιῒιιῖ(ι

630 1107 743 1169 ΧΙ..

219 1219 307 1297 Quod
321 1239 384 1280 non
399 1219 440 1279 slt
453 1217 588 1298 Pylades
600 1219 661 1280 hoo
673 1205 831 1300 tempore,
852 1219 968 1280 nonsit
983 1220 1125 1299 Orestes,

261 1303 410 1365 Miraris?
437 1301 587 1381 Pylades,
607 1303 732 1381 Marce,
754 1301 993 1381 bibebutidem,

217 1388 285 1451 Neo
298 1385 410 1447 melior
423 1387 511 1467 panis
525 1385 674 1447 turdusve
688 1386 817 1448 dabutur
833 1387 979 1466 Orestae,

261 1471 325 1534 sed
338 1491 394 1553 pur
411 1478 503 1549 atque
518 1468 625 1529 eadem
641 1488 717 1530 cena
732 1469 851 1530 duobus
864 1476 939 1530 erat.

198 1556 271 1619 5Tu
286 1555 420 1616 Lucrina
434 1573 539 1632 voras,
559 1572 609 1613 me
623 1555 722 1634 pascit
735 1573 848 1632 aquosa
863 1551 1001 1613 Peioris:
1075 1553 1078 1571 ⁵

261 1639 331 1700 Non
345 1640 444 1698 minua
458 1638 591 1716 ingenua
606 1649 655 1697 est
670 1637 807 1713 etmihi,
830 1637 953 1715 Meroe,
975 1636 1056 1716 gula.

220 1723 268 1783 Te
284 1720 418 1782 Cadmea
435 1720 554 1800 Tyros,
574 1739 625 1781 me
638 1722 759 1800 pinguis
775 1717 878 1780 Gallia
891 1722 998 1780 vestit:

261 1805 317 1867 Vis
329 1811 362 1864 te
376 1822 582 1884 purpureum,
603 1805 727 1881 Marce,
749 1812 871 1883 sagatus
885 1805 1002 1864 umem‘l

218 1889 262 1951 Ut
274 1894 430 1968 preestem
443 1885 600 1967 Pyladen,
622 1886 733 1967 aliquis
749 1889 823 1948 mihi
836 1893 977 1967 praestet
991 1887 1135 1950 Oresten.

178 1985 212 2037 lo
260 1969 328 2033 lloo
342 1991 404 2032 non
417 1972 455 2032 tit
467 1972 586 2049 verbis,
607 1971 731 2032 Marce:
752 1978 787 2032 ut
801 1973 928 2049 umeris,
946 1991 1020 2032 ama.

625 2105 689 2165 Xll.

219 2221 303 2281 lurut
318 2216 446 2300 capillos
464 2235 550 2296 ease,
572 2237 650 2298 quos
664 2218 755 2295 emit,
776 2235 847 2276 suos

89 2381 94 2392 ,
218 2301 364 2365 Fabullae
387 2301 550 2382 numquid,
572 2299 719 2379 †Paule,
739 2299 882 2380 peierat?

585 2434 716 2495 ·Xlll..

221 2549 295 2624 Quis
311 2554 343 2606 te
357 2545 505 2606 Phidiaco
520 2546 696 2624 formatum,
717 2542 810 2622 lulis,
833 2541 934 2622 eaelo,

262 2628 323 2692 Vel
339 2630 406 2707 quis
421 2625 580 2690 Palladiae
595 2649 657 2690 non
670 2635 761 2709 putet
775 2627 851 2688 artis
865 2627 966 2708 opus?

221 2712 360 2776 Candida
374 2732 436 2772 non
451 2714 545 2772 tacita
558 2691 728 2793 &posidet
743 2711 875 2790 imagine
889 2709 1002 2790 lygdos

261 2799 304 2859 lut
316 2796 438 2879 placido
453 2793 556 2875 fulget
569 2799 653 2857 vivus
668 2798 700 2858 iu
715 2814 769 2858 ore
783 2793 897 2874 liquor.

198 2881 315 2943 5Ludit
328 2879 485 2958 Acidalio,
508 2879 640 2941 sednon
657 2899 762 2940 manua
777 2897 902 2959 aspera,
923 2876 1028 2958 nodo,

264 2966 362 3040 Quem
375 2965 479 3045 rapuit
493 2963 591 3043 oollo,
613 2983 708 3045 parve
723 2962 860 3043 Cupido,
881 2969 946 3023 tuo.

221 3047 265 3109 Ut
278 3048 391 3108 Martis
404 3052 568 3107 revocetur
582 3068 667 3109 umor
682 3049 852 3125 summique
867 3045 1044 3126 Tonantis,

263 3131 336 3190 Ate
353 3131 426 3190 luno
441 3135 529 3210 petat
543 3139 650 3194 ceston
665 3133 778 3212 etipsa
793 3130 909 3191 Venus.

612 3264 692 3326 XIV.

217 3375 335 3436 Versus
350 3377 489 3436 seribere
504 3395 597 3457 posse
611 3383 644 3436 te
661 3376 796 3437 disertos

219 3457 381 3535 Aiiirmas,
402 3457 530 3518 Laberi:
554 3459 627 3537 quid
641 3476 716 3538 ergo
730 3479 792 3520 nou
813 3455 879 3518 vis?
