2478 3922
432 243 558 292 suanm
581 245 638 292 XV.

97 387 129 446 Si
154 388 253 444 vivunt
276 379 398 444 omnes?
421 401 494 460 ergo
518 385 612 443 aerior
635 384 776 462 impetus,
802 394 831 445 et
853 386 908 446 iam

98 472 174 530 Saxa
196 468 339 528 inclinatis
365 486 419 546 per
440 467 554 526 humum
576 469 706 544 quaesita
728 468 856 539 lacertis

96 553 241 632 Incipiunt
262 555 419 629 torquere,
442 551 611 610 domestica·
624 551 773 611 seditioni·

97 637 187 713 l'ela,
211 653 267 694 nec
287 635 363 695 bunc
385 635 525 712 lapidem,
550 633 652 713 quales
675 644 705 695 et
727 635 839 696 Turnus
862 644 892 696 et
914 635 1000 713 Aiax,
1049 647 1084 702 65

96 721 153 780 Vel
176 737 235 799 qno
258 718 385 794 Tydides
408 719 553 797 percussit
574 718 705 796 pondere
728 737 831 780 coxam

99 806 234 879 Aeneae,
260 802 313 862 sed
333 808 418 882 quem
440 800 557 863 valeant
578 805 711 863 emittere
735 804 857 864 dextrae

96 889 158 949 lllis
182 886 337 947 dissimiles
362 895 390 946 et
412 895 513 946 nostro
535 895 668 966 tempore
690 896 785 948 natae.

96 971 169 1032 Nam
191 989 283 1047 genus
306 969 364 1030 boc
385 971 452 1030 vivo
473 970 530 1029 iam
552 970 744 1031 decrescebat
766 971 907 1037 Homero;
944 1039 969 1050 ,ἱ

98 1056 190 1116 Terra
208 1054 302 1114 malos
323 1054 454 1114 bomines
477 1072 552 1114 nunc
579 1055 685 1115 educat
709 1064 795 1134 atque
819 1053 952 1132 pusillos.
1050 1063 1084 1117 70

97 1140 179 1216 Ergo
206 1139 295 1212 dens,
319 1139 492 1217 quicumque
518 1139 649 1216 aspexit,
675 1138 750 1198 ridet
773 1148 802 1198 et
826 1136 895 1197 odit.
1006 1143 1008 1154 '

141 1223 167 1282 Α
190 1222 370 1283 deverticulo
396 1230 545 1301 repetatur
566 1221 674 1282 labula.
710 1222 875 1301 Postquam,

98 1306 241 1366 Subsidiis
263 1307 356 1383 aucti,
380 1323 447 1384 pars
470 1305 562 1365 altera
584 1323 719 1384 promere
741 1308 851 1366 lerrum

98 1391 196 1450 Audet
218 1398 247 1449 ct
269 1389 383 1449 infestis
405 1395 530 1469 pugnam
552 1390 711 1450 instaurare
736 1390 864 1466 sagittis:

98 1475 195 1552 Terga
220 1473 289 1550 luga
312 1473 404 1534 celeri
426 1482 591 1552 praestant,
617 1474 787 1534 instantibus
811 1471 920 1549 Ombis,
1050 1485 1084 1539 75

99 1558 154 1632 Qui
176 1559 270 1617 vicina
297 1557 397 1617 colunt
419 1556 573 1617 umbrosae
595 1557 721 1633 Tentyra
744 1556 868 1636 palmae.

98 1641 215 1701 Labitur
240 1641 307 1700 binc
333 1641 463 1719 quidam,
492 1642 576 1701 nimia
598 1641 750 1701 formidine
777 1659 891 1700 cursum

98 1725 317 1804 Praecipitans,
342 1727 528 1803 capiturque3
555 1734 602 1785 ast
625 1725 706 1784 illum
728 1728 756 1785 in
778 1726 900 1804 plurima
924 1735 1033 1786 sectum

97 1809 201 1869 Frusta
227 1817 256 1868 et
277 1809 451 1887 particulas,
472 1817 503 1867 ut
528 1809 624 1868 multis
645 1819 773 1870 mortuns
795 1827 867 1868 unus

97 1893 272 1968 sufficeret,
295 1901 386 1952 totum
409 1893 538 1952 corrosis
560 1892 675 1953 ossibus
703 1893 762 1954 edit
1049 1903 1084 1956 80

96 1978 212 2037 Victrix
235 1975 335 2053 turba,
358 1993 413 2035 nec
435 1976 546 2037 ardenti
572 1977 689 2037 decoxit
711 1995 786 2038 aeno

97 2062 156 2121 Ant
178 2059 312 2130 veribus3
336 2059 454 2136 longum
477 2062 662 2139 usqueadeo
683 2060 854 2140 tardumque
876 2063 986 2138 putavit

97 2145 284 2222 Exspectare
305 2145 408 2218 locos,
433 2153 570 2204 contenta
592 2145 736 2205 cadavere
758 2144 858 2206 crudo.

96 2229 151 2290 llic
173 2228 303 2304 gaudere
325 2227 414 2302 libet,
438 2228 516 2306 quod
538 2244 595 2288 non
618 2229 772 2289 violaverit
793 2229 900 2304 ignem,

98 2313 193 2386 Quem
215 2329 323 2371 summa
350 2311 426 2382 coeli
448 2321 561 2390 raptum
584 2313 620 2372 de
642 2321 726 2390 parte
749 2311 937 2371 Prometheus
1049 2321 1084 2376 85

97 2397 225 2456 Donavit
246 2397 347 2464 terris;
372 2395 529 2474 [elemento
553 2395 685 2472 gratulor
709 2401 738 2454 et
759 2403 788 2453 te

97 2479 255 2539 Exsultare
278 2479 370 2558 reon]
408 2481 467 2540 Sed
490 2481 538 2558 qui
557 2479 692 2539 mordere
716 2477 841 2538 cadaver

99 2564 255 2637 Sustinuit,
279 2563 318 2622 nil
338 2580 472 2641 umquam
494 2563 549 2623 bae
572 2581 659 2624 carue
681 2562 818 2622 libentius
842 2562 915 2630 edit:

98 2647 172 2708 Nam
193 2645 310 2706 scelere
331 2649 360 2706 in
383 2655 463 2707 tanto
486 2666 523 2706 ne
541 2665 664 2728 quaeras
688 2656 718 2707 et
739 2647 853 2708 dubites
875 2664 911 2707 an

98 2731 193 2791 Prima
212 2729 390 2809 voluptatem
410 2731 480 2808 gula
498 2732 638 2800 senserit;
662 2731 776 2791 ultimus
799 2740 896 2792 autem
1051 2741 1085 2795 90

99 2814 157 2887 Qui
179 2815 274 2890 stetit,
296 2813 449 2893 absumpto
472 2815 528 2875 iam
550 2825 612 2875 toto
636 2831 779 2892 corpore,
802 2815 896 2874 ductis

98 2897 157 2956 Per
183 2905 288 2957 terram
315 2897 412 2976 digitis
434 2899 541 2978 aliquid
564 2899 600 2959 de
625 2901 765 2980 sanguine
787 2907 893 2975 gustat.

98 2981 268 3058 Vascones,
291 2981 366 3042 baec
387 2983 464 3042 lama
488 2992 551 3058 est,
578 2984 720 3042 alimentis
744 2981 849 3042 talibus
876 2982 944 3042 olim

99 3064 269 3126 l'rodnxere
291 3067 414 3125 animas:
443 3066 495 3126 sed
519 3084 567 3125 res
587 3065 718 3138 diuersa,
742 3067 795 3126 sed
821 3067 882 3126 illic

97 3148 246 3208 Fortunae
269 3150 375 3210 invidia
398 3159 443 3209 est
461 3149 664 3228 bellorumque
690 3149 803 3227 ultima,
830 3168 914 3210 casus
1050 3157 1084 3213 95

97 3233 246 3309 Extremi,
272 3233 380 3312 longae
403 3234 465 3294 dira
491 3232 652 3294 obsidionis
674 3243 801 3309 egestas.

96 3316 188 3376 lluins
209 3319 300 3394 enim,
324 3317 402 3398 quod
426 3336 502 3377 nnnc
523 3318 632 3394 agitur,
654 3316 820 3377 miserabile
843 3317 933 3376 debet

96 3399 273 3480 Exemplum
295 3419 363 3460 esse
385 3400 460 3478 cibi,
483 3403 558 3460 sicut
582 3401 669 3461 modo
695 3400 772 3460 dicta
794 3400 861 3459 mibi
883 3417 957 3475 gens

96 3485 168 3546 Post
192 3500 295 3544 omnes
320 3483 443 3561 herbas,
466 3493 534 3563 post
556 3493 659 3554 cuncta
681 3482 829 3558 animalia,
853 3480 990 3561 quidquid
