2392 3888
318 165 658 262 EPIGRAMMATON
672 167 745 229 LIII.
762 169 812 231 VI.
1024 171 1085 236 lbi

130 321 249 383 Versus
264 320 403 379 scribere
420 317 472 398 qui
487 326 592 399 potest
607 319 758 397 disertos,
839 307 848 325 ”

131 403 331 480 conscribat,
353 401 481 474 Laberia
504 404 601 462 virum
618 404 740 482 putabo.

535 551 602 614 XV.

130 666 209 726 lium
224 665 440 726 Phaethontea
453 665 582 727 formica
595 671 722 746 vagatur
736 667 768 724 iu
782 668 906 745 umbra,

172 747 327 829 Implicuit
344 753 470 808 tenuem
484 751 588 809 suciua
602 755 688 827 gutia
702 749 808 809 ieram.

130 831 182 892 Sic
195 832 286 893 modo
302 849 380 910 quae
395 831 499 892 iuerat
514 833 575 892 vita
590 838 766 912 contempta
780 838 940 912 manente,

171 916 347 976 Funeribus
361 914 442 974 iacta
460 923 509 976 est
524 934 605 976 nuuc
619 917 757 996 pretiosa
769 917 842 981 suis.

529 1079 609 1139 XVI.

130 1190 181 1249 'Iu
199 1191 252 1269 qui
266 1209 349 1271 pene
362 1192 446 1250 virus
461 1197 564 1249 terres
579 1196 612 1249 et
624 1187 705 1250 falce
721 1190 883 1269 ciuaedoa,

171 1274 278 1353 Iugera
294 1274 423 1354 sepositi
436 1293 532 1353 pauca
545 1279 634 1334 tuere
649 1271 717 1334 suli.

132 1357 184 1417 Sic
200 1363 252 1417 tua
266 1377 328 1417 uon
343 1357 462 1417 intrent
474 1355 571 1416 vetuli
586 1357 723 1437 pomaria
738 1355 841 1434 fures,

173 1439 236 1502 Sed
250 1459 328 1522 puer
343 1447 376 1503 et
389 1437 491 1519 longis
505 1438 635 1520 pulchra
649 1439 753 1520 puelia
767 1442 870 1500 comis.

521 1587 615 1648 XVII.

132 1702 279 1778 Cianum,
302 1699 467 1778 (flumme,
489 1708 521 1760 te
537 1701 625 1760 iubes
640 1700 750 1759 vocari.

128 1784 198 1844 Neu
214 1790 262 1844 ιιι
275 1784 343 1859 hic,
364 1802 456 1862 roge,
479 1783 594 1860 ciuus,
618 1782 846 1843 barbarismus?

129 1868 181 1928 'llu
198 1869 224 1927 si
238 1867 352 1928 Furius
368 1873 440 1927 aute
457 1865 560 1928 dictus
575 1885 676 1945 esses,

127 1951 195 2012 Fur
211 1953 271 2011 ista
285 1951 405 2011 ratione
425 1949 585 2011 dicereris.

512 2111 619 2174 XVIII.

130 2223 245 2284 Sancta
259 2220 400 2282 Saloniui
415 2225 510 2283 terris
524 2225 694 2300 requIeacit
707 2224 834 2282 Hiberis

174 2307 239 2382 Qua
253 2303 365 2366 melior
382 2305 504 2385 Stygias
518 2325 581 2365 nou
599 2304 684 2365 videt
697 2306 805 2365 umbra
819 2304 936 2364 domos.

129 2388 195 2450 Sed
207 2387 318 2468 lugere
331 2389 434 2449 naias:
457 2390 591 2467 namqui
607 2395 658 2467 te,
680 2389 804 2465 Prisce,
826 2387 954 2466 reliquii
962 2430 972 2467 ,

172 2473 256 2534 Vivit
271 2492 330 2552 qua
343 2470 441 2534 veluit
457 2474 560 2532 uivere
578 2479 668 2551 parte
679 2472 783 2550 magis.

530 2618 618 2710 ιιιΙΙ

129 2734 200 2794 Nou
220 2731 259 2792 aie
276 2734 307 2792 vi
321 2750 423 2811 neque
439 2730 551 2809 caede,
571 2750 630 2792 uec
646 2751 784 2812 ueneno,

126 2815 193 2877 Sed
208 2815 315 2875 lineat
330 2816 406 2876 mibi
421 2814 461 2875 de
476 2817 576 2875 tribus
592 2814 731 2895 capelIIs.

126 2901 233 2962 Viciui
252 2918 368 2978 queror
381 2900 437 2959 has
452 2901 561 2959 abesse
576 2897 670 2959 furto.

125 2984 198 3043 Huc
213 2981 306 3043 iudex
321 2983 380 3043 sibi
392 2982 530 3063 pustulat
544 2983 687 3062 probari:
754 3035 763 3042 .

99 3066 183 3132 5Tu
200 3066 320 3126 caunas
334 3065 644 3144 Mithridaticumque
658 3062 776 3126 bellum

124 3152 170 3213 Et
183 3152 320 3231 periuria
333 3149 444 3210 Punici
457 3149 575 3210 furoris

124 3235 171 3296 Ει
185 3231 285 3294 Sullas
300 3233 480 3312 Mariosque
496 3233 680 3310 Muciosque

125 3318 242 3396 Magna
256 3335 332 3378 voce
347 3336 437 3377 ιιιιιιι
452 3334 605 3393 manuque
619 3321 694 3375 ιοιι.

124 3401 191 3463 Iam
207 3400 273 3480 dic,
295 3400 459 3479 Postume,
475 3400 514 3460 de
528 3400 629 3460 tribus
647 3391 785 3478 capellis.
835 3475 882 3535 9*
