2392 3888
283 179 711 247 nrronnnmnronmn.
728 188 792 250 vn.
999 188 1062 252 mo
1189 159 1190 250 3

364 421 368 430 ·
471 384 607 447 LXXVI.

104 496 194 574 Quod
209 504 241 558 te
259 494 410 577 diripiunt
423 498 633 576 potentiores.

100 581 164 642 Per
178 580 331 658 convivia,
354 581 508 660 porticus,
530 582 691 661 theatra„

101 665 144 726 llt
158 672 277 743 tecum,
301 665 444 743 quotiens
458 665 501 724 ita
515 665 671 744 incidisti,

103 747 227 810 Gestari
242 749 326 809 iuvat
344 753 377 807 et
390 749 473 808 iurat
486 747 596 808 lavari:

57 844 75 895 ὁ
99 830 206 893 Nolito
220 833 347 894 nimiam
362 832 420 892 tibi
434 830 569 912 placere.

100 915 263 994 Deiectus,
283 913 479 994 Philemone,
501 935 564 976 non
579 917 698 975 amaris.

466 1017 615 1112 nxxvn.

98 1163 223 1242 Exigis,
244 1169 414 1224 ntnostros
430 1159 542 1222 donem
555 1164 629 1242 tibi,
651 1163 770 1244 Tucca,
791 1164 924 1233 libellos.

142 1246 213 1307 Non
226 1247 351 1308 inciam:
373 1266 444 1306 nam
462 1247 507 1307 via
522 1244 676 1326 rendere,
698 1267 759 1309 non
774 1249 891 1331 legere.
921 1260 923 1264 '

393 1409 397 1416 ·
439 1380 620 1446 ¹LXXVIII.

99 1492 178 1553 (lum
193 1490 337 1553 Saxetani
351 1497 484 1573 ponatur
498 1491 594 1554 canda
608 1491 720 1554 lacerti

141 1577 199 1654 Et,
221 1577 302 1637 bene
316 1577 344 1636 ai
359 1595 468 1654 cenas,
491 1578 617 1638 conchis
631 1579 758 1638 inuncta
770 1580 843 1640 tibi:

99 1659 231 1738 Sumen,
254 1680 376 1741 aprum,
397 1659 554 1741 leporem,
576 1660 716 1740 boletos,
738 1669 858 1743 ostrea,
881 1664 993 1729 mullos

141 1743 258 1804 Mittis:
280 1745 376 1804 habea
389 1762 448 1804 nec
464 1763 533 1824 cor,
556 1743 681 1826 Prode,
703 1765 762 1806 neo
777 1751 909 1826 genium.

468 1877 603 1939 LXXIX.

96 1990 205 2051 Potavi
219 1988 310 2052 modo
326 1989 489 2052 consulare
504 1992 615 2052 vinum.

96 2075 246 2153 Quaeris,
269 2094 359 2154 quam
372 2082 461 2135 vetus
477 2081 569 2154 etque
584 2073 739 2137 liberele‘l

95 2158 168 2237 Ipso
186 2159 312 2219 consule
331 2158 504 2219 eonditum:
525 2156 582 2219 sed
595 2160 682 2238 ipse,
715 2201 717 2204 ψ

97 2242 158 2317 Qui
171 2244 322 2321 ponebat,
346 2249 432 2321 erat,
450 2243 584 2320 Severe,
607 2243 723 2303 consul.

472 2391 595 2451 LXXX.-

96 2503 255 2579 Qnotenua
270 2501 420 2583 Odrysios
433 2503 493 2563 iam
509 2523 568 2583 pax
581 2503 717 2562 Romana
730 2502 849 2564 triones
866 2504 868 2508 '

140 2586 311 2667 Temperat
326 2595 360 2647 et
374 2589 506 2647 tetricae
522 2587 701 2647 conticuere
715 2587 834 2662 tabae,-

95 2670 187 2730 Hnnc
199 2667 388 2733 Marcellino
403 2672 539 2751 poteris,
560 2671 724 2747 Faustine,
745 2668 889 2730 libellum

142 2753 290 2815 Mittere:
311 2757 371 2814 iam
387 2755 518 2832 chartis,
538 2757 601 2816 iam
614 2761 701 2814 vacat
714 2752 772 2813 ille
786 2754 872 2814 iocis.

66 2834 163 2906 5Sed
178 2838 204 2897 sl
217 2857 312 2918 parva
326 2839 372 2898 tui
387 2837 567 2898 munuscula
581 2839 704 2917 quaeris
720 2837 809 2896 amici

138 2920 380 3001 Commendare,
401 2920 484 2982 feret
496 2923 633 2982 carmina
648 2927 753 2981 nostra
767 2937 861 3001 puer:

93 3003 165 3063 Non
182 3002 282 3084 qualia
297 3006 426 3066 Geticae
442 3005 569 3065 satiatus
582 3003 664 3064 lacte
679 3004 826 3064 iuvencae

138 3087 308 3149 Sarmatica
323 3087 426 3168 gelido
442 3087 524 3149 ludit
538 3091 571 3149 in
587 3107 675 3148 amne
688 3095 775 3167 rota,

92 3170 160 3231 Sed
173 3172 359 3252 Mitylenaei
373 3191 482 3233 roseus
498 3173 657 3252 mangonis
671 3173 826 3253 ephebus,

40 3269 81 3320 10
139 3254 200 3318 Vel
215 3275 278 3317 non
294 3274 401 3317 caesus
415 3256 515 3317 adhuc
529 3264 628 3318 matre
641 3258 770 3317 iubente
786 3256 899 3317 Lacon.

89 3339 136 3398 At
149 3340 208 3400 tibi
224 3341 344 3422 captivo
359 3337 492 3401 iamelna
511 3339 652 3402 mittetirr
668 3343 705 3401 ab
720 3341 845 3416 Histro,

136 3423 198 3500 Qui
213 3424 394 3485 Tiburtinas
407 3443 539 3507 pascere
554 3426 654 3505 possit
667 3442 748 3484 oves.
