2528 3876
343 163 770 239 nniunammuuonmn.
786 164 850 226 nn,
1057 167 1120 260 noo

120 316 276 381 roScrihit
291 317 440 393 carmina,
459 334 537 395 qnae
551 313 662 394 legunt
675 322 826 376 cocantes.
950 369 958 386 ,

160 399 261 460 Frons
276 398 353 459 haee
367 401 510 478 stigmate
525 419 587 460 non
603 418 671 458 meo
687 399 821 459 notanda
836 408 894 464 est.

553 513 643 588 LXll.

161 611 291 689 Antiqui
306 627 360 668 rex
374 628 484 688 magne
498 609 563 690 poli
577 609 744 690 mundique
758 611 887 690 prioris,

202 693 265 753 Sub
283 712 342 772 quo
357 695 445 772 pigra
460 695 546 772 quiea
560 713 619 753 nec
633 692 722 754 labor
735 692 819 754 ullus
833 701 916 770 erat,

158 778 223 837 Nec
238 776 342 855 regale
357 777 447 836 ulmis
463 775 581 837 fulmen
595 796 653 837 nec
668 778 797 838 fulmine
812 776 913 856 digni,

202 860 304 920 Scissa
317 878 376 920 nec
391 858 430 920 ad
444 860 570 939 Manes,
592 861 649 921 sed
664 863 723 921 sibl
739 861 824 922 dives
838 862 962 920 humus:

138 943 276 1005 5Laetus
291 941 330 1003 ad
344 944 421 1003 haec
436 943 599 1023 facilisque
613 947 684 1004 veni
698 943 861 1006 sollemnia
874 945 975 1005 Prisci

202 1025 336 1087 Gaudia:
359 1047 427 1086 cum
443 1029 586 1088 sacriste
602 1027 694 1088 decet
708 1047 778 1089 esse
793 1030 864 1089 tuis.

159 1111 209 1170 'l‘u
223 1109 369 1183 reducem
383 1112 503 1191 patriae
518 1119 618 1190 sexta,
639 1119 729 1191 pater
744 1115 875 1193 optime,
899 1113 1005 1171 bruma

200 1194 324 1254 Pacifici
339 1194 427 1254 Latia
440 1194 547 1255 reddis
562 1197 598 1256 ab
613 1198 691 1256 urbe
706 1197 831 1257 Numae.

158 1279 286 1353 Cernis,
308 1283 342 1337 ut
358 1280 493 1339 Ausonio
508 1277 616 1339 similis
630 1281 687 1340 tibi
701 1300 812 1362 pompa
827 1277 956 1338 macello

115 1373 150 1426 10
198 1361 338 1421 Pendeat
353 1368 385 1421 et
400 1370 530 1441 quantus
547 1361 721 1423 luxurietur
735 1363 855 1423 honos?
932 1383 933 1388 ¹

158 1446 255 1522 Quum
269 1464 331 1504 nou
347 1464 440 1525 parca
456 1466 561 1507 manna
575 1445 743 1526 largaeque
757 1449 936 1507 nomismata
951 1465 1093 1522 mensae,

199 1530 300 1606 Quae,
323 1527 474 1606 Saturne,
496 1530 554 1590 tihi
568 1537 830 1609 pernumerentur
845 1529 941 1609 opes?

157 1614 261 1692 thue
277 1613 318 1671 ait
331 1612 380 1671 hia
395 1613 530 1692 pretium
544 1614 664 1673 meritis
680 1622 713 1674 et
728 1615 825 1693 gratia
840 1615 952 1691 maior,

197 1697 239 1756 lit
252 1702 341 1776 pater
358 1702 391 1755 et
405 1696 487 1774 frugi
501 1696 545 1756 aie
561 1704 613 1757 tua
631 1717 717 1758 sacra
732 1696 814 1758 collt.

114 1782 196 1844 rant
210 1787 243 1839 tu
259 1785 364 1838 sancte
378 1786 431 1840 tuo
447 1783 491 1841 ric
504 1799 627 1862 semper
643 1800 746 1841 umere
761 1781 941 1858 Decembri,

198 1863 264 1922 llos
278 1860 326 1922 illi
340 1864 446 1924 iubeas
461 1883 554 1946 saepe
568 1863 674 1925 redire
689 1865 764 1926 dies.

541 1998 644 2060 LXlll.

154 2098 256 2158 Uncto
274 2093 420 2156 Corduba
432 2092 547 2154 laetior
560 2096 715 2173 Venafro,

154 2181 262 2240 Histra
275 2195 334 2238 nec
348 2178 448 2236 minus
466 2176 603 2238 absoluta
618 2186 716 2256 testu,

154 2263 227 2323 Albi
246 2280 325 2343 quae
339 2279 467 2341 superna
482 2280 555 2322 oves
571 2260 711 2340 Galaesi,

153 2345 245 2407 Nullo
261 2346 379 2406 murice
395 2363 454 2405 nec
471 2364 582 2405 cruore
597 2345 743 2424 mendax,

129 2429 216 2494 used
231 2431 337 2491 tinctis
355 2430 501 2508 gregibus
516 2429 620 2490 colore
633 2431 718 2491 vivo:

153 2514 210 2574 uic
225 2520 346 2591 vestro,
369 2532 461 2590 rogo,
485 2515 526 2574 ait
538 2513 640 2594 pudor
654 2521 784 2595 poetae,

153 2599 219 2658 Nec
234 2598 329 2676 gratia
346 2599 460 2657 recitet
475 2609 564 2658 meos·
574 2596 713 2659 libellos:

152 2681 301 2759 Ferrem,
320 2682 346 2739 si
360 2681 481 2748 faceret
495 2682 593 2742 bonna
607 2689 715 2763 pocta,

155 2766 349 2845 culpassem
366 2762 441 2824 dare
454 2771 576 2824 mutuos
591 2764 730 2826 dolores:

111 2849 333 2928 lossorrumpit
348 2850 414 2906 sine
429 2847 547 2907 talione
562 2849 694 2909 caelebs.

154 2934 272 2994 Caecus
289 2929 426 3012 perdere
441 2951 504 2991 non
518 2937 624 3011 potest
639 2931 721 3012 quod
738 2931 847 2992 aufert.

152 3015 204 3076 Nil
220 3024 268 3077 est
284 3015 423 3075 deterius
437 3015 559 3075 latrone
573 3014 671 3075 nudo:
750 3023 753 3030 '

151 3099 203 3160 Nil
218 3100 356 3161 securius
371 3105 419 3158 eat
433 3096 513 3157 molo
527 3107 628 3179 poeta.

538 3214 644 3278 LXIV.

152 3309 338 3372 Vincentem
352 3331 460 3373 roseos
475 3313 616 3391 facieque
631 3331 778 3392 comaque
792 3313 949 3372 ministros

196 3393 294 3453 Cinna
309 3414 414 3458 cocum
428 3397 515 3459 fecit.
545 3397 644 3457 Cinna
659 3395 783 3476 gulosus
797 3397 888 3457 homo
904 3402 963 3458 est.
