2430 3894
345 145 829 208 ιιιιιιιιιιιιοιιιιιι.
1046 123 1127 210 119⁴

526 297 646 360 invii.
763 317 766 323 ·

144 401 305 480 Nunquam
321 417 355 460 ιι
371 416 498 458 cenasse
514 395 597 456 domi
610 395 702 457 Philo
717 397 814 474 iuret,
838 402 871 455 et
884 399 944 458 hoc
956 404 1021 459 est:

186 484 256 546 Non
272 489 380 560 cenot,
403 483 546 562 quotiens
560 499 651 541 nemo
666 482 785 541 vocavit
799 499 878 541 cnm.

519 611 653 677 XLVIII.

143 733 226 811 Quid
240 750 302 792 non
319 731 402 809 cogit
416 730 523 790 emori
544 731 644 790 secuit
659 726 788 789 nolente
803 727 932 809 capillos

184 813 342 900 Encolpus
357 814 497 891 domino,
519 834 581 873 non
596 813 785 893 prohibente
800 818 911 874 tumen.

142 900 292 963 Permisit
306 900 454 977 flevitque
469 897 611 962 Pudens:
634 900 679 956 sic
694 897 933 958 cessithuhenis

189 983 308 1044 Audaci
325 981 452 1061 questus
470 981 508 1042 de
523 982 722 1042 Phaethonte
737 987 841 1060 putet:

122 1067 236 1132 5Telis
251 1073 358 1148 ruptus
373 1064 487 1145 Hyles,
510 1063 582 1126 tulis
598 1064 771 1145 deprensus
785 1064 926 1126 Achilles

186 1153 337 1233 Deposuit
352 1151 505 1230 gaudens,
528 1155 628 1210 matre
644 1145 789 1226 dolente,
812 1169 923 1213 comes.

143 1236 208 1298 Sed
222 1241 258 1295 tu
271 1253 311 1296 ne
326 1254 477 1315 propero,
499 1234 645 1294 brevibus
660 1251 718 1294 nee
733 1231 829 1293 crede
844 1232 980 1314 cupillis,

186 1319 352 1398 'sordeque
367 1338 424 1399 pro
440 1325 525 1379 tento
541 1335 686 1396 munere,
708 1319 819 1395 herbe,
842 1319 920 1380 veni.

126 1491 168 1536 s
461 1447 464 1454 '
531 1451 637 1513 XLIX.

141 1555 301 1618 Vidissem
315 1550 407 1612 modo
423 1551 507 1632 forte
522 1572 590 1612 cum
605 1551 768 1612 sedentem

132 1622 251 1722 ,Solum
265 1643 316 1715 te,
338 1636 494 1714 Labiene,
515 1643 581 1695 tres
595 1637 708 1714 putavi.

144 1721 259 1784 Calvae
274 1738 323 1781 me
337 1739 484 1780 numerus
499 1725 570 1779 tune
585 1718 716 1780 fefellit:

131 1789 223 1882 lunt
237 1803 326 1866 illinc
343 1805 418 1882 tihi,
440 1810 512 1864 sunt
526 1812 558 1864 et
572 1805 644 1862 hinc
660 1802 779 1884 capilli,

120 1878 261 1968 offudes
274 1888 325 1949 vel
337 1906 467 1968 puerum
484 1886 598 1948 decere
613 1889 743 1969 possint.

141 1973 264 2035 Nudum
280 1979 329 2034 est
343 1975 376 2032 in
391 1970 493 2032 medio
508 1979 616 2052 ceput,
637 1990 696 2031 nec
710 1970 791 2032 ullus

134 2045 178 2126 hir
192 2058 285 2138 longo
299 2056 382 2138 pilus
397 2075 470 2116 eree
484 2063 618 2117 notatur.
669 2082 673 2086 ·

60 2133 110 2223 (lc.
142 2143 204 2202 mc
219 2161 309 2202 error
327 2140 715 2221 tibiprofuitnecembri·‚

134 2209 241 2304 xum,
263 2245 332 2286 cum
346 2223 476 2305 pranso
490 2224 574 2284 mro
587 2224 774 2302 repento„

98 2289 216 2392 lotium
232 2308 400 2390 panariolis
416 2309 516 2370 trihus
531 2307 651 2367 redisti.

142 2391 253 2455 Talem
269 2394 447 2472 Geryonem
460 2392 558 2452 inisse
573 2389 680 2450 credo.

141 2478 248 2557 Vites,
271 2495 401 2554 censeo,
422 2477 577 2558 porticum
590 2472 744 2553 Philippi:

55 2581 103 2648 χ
136 2547 178 2646 ssi
192 2567 225 2623 te
239 2560 354 2622 viderit
367 2558 541 2638 Hercules,
559 2558 682 2640 peristi,

128 2670 159 2710 N

562 2695 596 2756 L.

95 2835 99 2844 ·
143 2809 231 2869 Ceno
246 2808 329 2868 domi
342 2809 504 2887 quotiens,
526 2810 650 2885 uisite,
673 2807 865 2887 Charopine‚
887 2807 1008 2886 vocavi,

184 2892 331 2952 Protinus
344 2894 488 2971 ingentes
505 2898 575 2953 sunt
590 2892 786 2970 inimicitiae,

140 2975 258 3056 Meque
274 2973 353 3038 velis
369 2977 478 3037 stricto
495 2975 629 3036 medinm
644 2975 829 3054 transfigere
843 2974 946 3053 ferro,

70 3069 76 3078 ·
184 3059 218 3120 Si
232 3066 372 3120 nostrum
386 3069 454 3120 stoc
469 3067 501 3121 ιι
516 3062 576 3121 ιιίι
591 3058 721 3120 caluisse
735 3060 848 3122 focum.

116 3143 209 3208 oNec
225 3141 323 3204 semel
339 3163 414 3223 ergo
429 3144 505 3205 mihi
518 3145 634 3205 furtum
649 3144 763 3205 fecisse
778 3143 909 3204 licehiti

183 3227 356 3309 improbius
370 3223 451 3289 nihss
464 3234 513 3288 est
527 3230 601 3307 hec,
623 3229 816 3308 Ghsropine,
838 3225 916 3306 gulo.
1025 3277 1029 3284 .

139 3311 258 3372 Desine
273 3311 333 3372 ism
349 3319 503 3391 nostrum,
523 3332 653 3393 precor,
676 3315 842 3395 ohservare
858 3309 1005 3386 culinum,

185 3397 290 3475 Atque
306 3394 471 3476 aliquando
487 3416 573 3458 mens
588 3395 645 3458 det
658 3398 715 3456 tihi
727 3396 822 3456 verbe
837 3394 935 3456 iocus.
