2392 3888
152 263 213 330 148
475 262 520 324 M.
535 262 626 325 VAL.
644 261 868 323 MARTIALIS

585 413 750 476 LXXXVI.

234 515 373 576 Setinum
389 514 592 589 dominaeque
606 513 692 572 nives
708 509 859 589 denquue
874 511 1023 588 trientes,

276 597 404 674 Quando
419 615 477 676 ego
492 615 546 655 vos
561 595 683 654 medico
696 613 758 653 non
772 593 960 673 prohibente
975 595 1101 656 bibam?

232 681 352 744 Stultus
368 689 400 742 et
414 683 552 759 ingratus
563 697 623 739 nee
636 683 722 737 tauto
737 696 866 737 munere
880 676 1007 756 dignus,

276 768 335 842 Qui
351 764 464 825 mavolt
481 765 575 823 heres
590 761 694 822 divitis
707 779 780 821 esse
793 760 909 822 Midae.

211 849 398 914 bl’ossidert
409 849 540 926 Libycas
556 863 672 905 messes
686 846 898 924 Hermumque
914 845 1108 926 Tagumque,

274 935 315 996 nt
328 939 419 1014 potet
433 929 565 1008 caldam,
587 931 640 1008 qui
655 930 730 988 mihi
742 926 834 1000 livet,
854 947 970 1008 aquam.

580 1040 759 1102 LXXXVII.

233 1144 272 1202 bi
287 1143 344 1202 tibi
361 1141 436 1202 dent
452 1148 485 1201 et
500 1149 549 1220 tu,
572 1142 704 1218 Caesar,
727 1159 927 1219 quaeeunque
943 1143 1089 1200 mereris:

275 1225 314 1285 oi
328 1227 403 1284 mibi
419 1224 495 1285 dent
509 1232 543 1285 et
556 1231 606 1301 tu,
630 1242 708 1304 quoe
722 1221 810 1301 volo,
832 1225 858 1284 si
872 1225 981 1283 merui.

579 1336 769 1399 LXXXVIII.

232 1435 326 1498 Mane
341 1434 467 1496 salutavi
480 1452 554 1495 vero
570 1439 602 1494 te
616 1436 739 1494 nornine
755 1453 843 1510 casu,

273 1519 339 1578 Nee
352 1517 416 1580 dixi
432 1517 602 1599 domiuum,
624 1516 818 1593 Caeciliano,
840 1534 948 1578 meum.

208 1617 209 1622 ’
234 1604 346 1678 Quanti
360 1600 491 1662 libertas
506 1606 629 1662 constet
643 1601 718 1675 mibi
731 1606 817 1660 tantu
825 1644 833 1677 ‚
852 1599 1009 1679 nequitis?

276 1686 408 1747 Centum
424 1684 610 1764 quadrantes
627 1682 755 1745 abstulit
769 1682 824 1743 illa
838 1685 921 1746 mibi.

587 1795 749 1856 LXXXIX.
848 1808 851 1812 '

233 1893 309 1952 Cum
326 1898 451 1973 peteret
465 1911 564 1953 seram
579 1892 681 1952 media
694 1893 754 1952 iam
768 1899 859 1954 noete
875 1893 1030 1954 matellam

274 1978 392 2055 Arguto
408 1975 548 2037 madidus
562 1975 678 2057 pollice
693 1977 879 2055 Panaretus,

235 2059 395 2140 Spoletina
411 2059 480 2120 data
498 2066 564 2137 est,
585 2060 641 2120 sed
659 2080 747 2139 quam
762 2061 933 2121 siccaverat
942 2063 1033 2141 ipse,

275 2143 340 2204 Nee
359 2145 463 2204 fuerat
478 2142 537 2203 soli
551 2149 617 2203 tota
632 2141 743 2222 lagona
757 2145 840 2204 satis.

210 2225 293 2289 allle
308 2227 371 2288 fide
384 2246 500 2288 summa
513 2233 613 2288 testae
628 2245 682 2286 sua
696 2228 765 2286 vina
778 2245 937 2287 remensus

274 2310 425 2372 Reddidit
439 2311 611 2401 qenopbori
625 2309 763 2390 pondera
777 2310 870 2389 plena
884 2313 938 2372 sui.

231 2395 374 2471 Miraris,
397 2401 542 2474 quantum
558 2395 697 2470 biberat,
718 2397 839 2474 cepisse
852 2393 1019 2473 lagonam?

273 2479 387 2538 Desine
403 2479 524 2554 mirari,
545 2476 641 2536 Rufe:
664 2495 780 2537 merum
795 2479 925 2538 biberat.

638 2608 702 2668 XG.

230 2701 397 2762 Moechum
411 2702 516 2764 Gellia
531 2724 592 2765 non
608 2707 702 2766 habet
717 2707 777 2766 uisi
792 2727 892 2769 unum.

231 2785 338 2866 'I'urpe
353 2792 416 2848 est:
439 2788 501 2871 hoe
513 2791 626 2868 magis,
647 2809 723 2850 uxor
738 2797 787 2850 est
802 2790 939 2882 duorum.

631 2925 707 2984 xci.

231 3015 343 3076 Sancta
358 3015 445 3078 ducis
460 3021 568 3079 summi
583 3023 731 3102 probibet
745 3040 874 3082 censura
888 3025 1045 3102 vetatque

271 3100 443 3161 Moecburi.
474 3102 598 3182 (leude,
621 3103 730 3182 zoile,
752 3125 814 3165 non
829 3105 933 3165 futuis.

624 3236 714 3298 xcii,
780 3269 782 3274 v

231 3329 375 3392 caelatus
389 3333 447 3392 tibi
462 3336 601 3412 sumsit,
622 3335 778 3411 Anniano,
896 3371 900 3376 -

230 3412 367 3491 Serpens
382 3416 415 3475 in
430 3423 554 3494 patero,
575 3417 725 3495 Myronos
740 3424 838 3497 artes,
917 3453 927 3466 =

231 3495 379 3556 Vaticana
393 3498 489 3557 bibis:
511 3499 592 3558 bibis
606 3518 765 3562 venenum.
