2426 3900
112 145 155 210 24
437 144 481 204 M.
497 143 588 205 VAL.
605 143 831 204 nunilonis
868 95 876 107 ·

199 301 252 361 Sic
265 300 468 378 interpositus
481 295 556 356 villo
571 297 758 356 contaminat
771 301 866 354 uncto

176 385 314 446 1111111111
327 381 515 460 Lingonicus
530 379 736 458 Tyrianthina
750 378 1006 464 bardocucullum,

199 468 250 528 Sic
264 466 431 527 Arretinae
445 465 560 524 violant
574 461 752 541 crystallina
765 469 883 541 testae,

199 551 251 611 Sic
270 551 360 628 niger
376 551 410 607 in
425 549 502 626 ripis
519 552 604 606 errat
619 566 688 605 cum
702 547 785 605 forte
801 547 942 626 Caystri,

199 636 284 695 luter
299 632 440 693 Ledaeos
454 630 577 690 ridetur
590 649 699 689 corvus
714 627 834 706 olores,

198 719 250 779 Sic
264 719 317 777 ubi
332 715 496 776 multisona
509 715 612 773 fervet
626 731 714 772 sacer
728 711 992 793 Δ1111111111111,Δ

156 803 337 882 lolmproba
351 801 517 878 Cecropias
533 796 665 858 offendit
678 798 748 876 pica
762 790 926 875 qdercllas.

196 885 302 946 Indice
316 903 378 943 non
393 902 469 962 opus
484 888 533 942 est
546 881 661 940 uostris
675 899 735 940 nec
748 879 852 941 iudice
866 881 973 960 libris,

198 971 266 1030 Stat
281 974 389 1028 contra
403 967 541 1045 dicitque
555 966 614 1025 tibi
628 969 681 1023 tua
698 965 809 1043 pagina
822 965 908 1044 „Fur
922 965 991 1028 es.“

598 1097 675 1158 LIV.

198 1213 338 1292 Siquid,
359 1215 476 1289 Fusce,
496 1231 584 1272 vacas
599 1211 698 1271 adhuc
714 1214 808 1272 amari
822 1244 865 1258 -

198 1299 273 1357 Nam
289 1304 360 1358 111111
373 1297 446 1356 hinc
459 1296 534 1372 tibi,
557 1301 628 1365 11111
641 1301 673 1355 11
687 1296 760 1355 hinc
775 1297 863 1355 amici
875 1331 934 1373 —,

197 1383 316 1459 Unum,
337 1382 363 1440 11
380 1386 539 1459 superest,
560 1378 663 1438 locum
676 1397 835 1457 rogamus,

197 1465 262 1525 Nec
279 1483 345 1542 me,
368 1462 451 1543 quod
467 1464 525 1523 tibi
539 1465 596 1522 sim
610 1482 724 1539 novus,
746 1481 890 1522 recuses:

176 1551 314 1611 50mnes
328 1550 389 1608 hoc
402 1555 525 1608 veteres
540 1548 586 1606 tui
599 1547 734 1607 fuerunt.

199 1635 380 1693 'intantum
394 1633 515 1711 inspice
535 1633 587 1709 qui
602 1649 697 1690 novus
712 1636 838 1709 paratur

198 1719 246 1776 An
260 1717 359 1796 possit
373 1715 444 1774 lieri
457 1721 545 1774 vetos
562 1711 688 1774 sodalis.

603 1862 666 1924 LV.

198 1975 279 2037 Vota
293 1977 340 2035 tui
353 1976 492 2034 breviter
507 1977 533 2034 si
548 1976 593 2034 vis
608 1993 796 2052 cognoscere
814 1977 929 2056 Marci,

241 2059 367 2119 Clarum
379 2057 525 2135 militiae,
546 2059 682 2135 Fronto,
704 2063 858 2138 togaeque
875 2061 984 2140 decus,

198 2144 266 2203 Hoc
280 2145 379 2222 petit,
401 2160 471 2201 esse
488 2143 535 2200 sui
549 2159 608 2200 uec
623 2143 725 2220 magui
737 2145 820 2203 ruris
834 2151 954 2223 arator,

241 2227 435 2306 Sordidaque
451 2227 484 2286 in
498 2227 600 2306 parvis
617 2227 680 2285 otia
694 2227 787 2286 rebus
802 2235 890 2290 amat.

177 2313 366 2390 aquisquam
382 2312 465 2392 picta
479 2308 556 2371 colit
575 2309 720 2389 Spartani
737 2310 854 2388 frigora
869 2313 932 2372 1111

239 2397 281 2457 Ε1
299 2397 479 2456 matutinum
492 2399 598 2474 portat
609 2395 734 2472 ineptus
748 2396 830 2473 Ave,

199 2481 257 2539 Cui
271 2480 348 2538 licet
363 2479 478 2538 exuviis
492 2479 628 2536 nemoris
643 2478 786 2555 rurisque
800 2480 892 2538 beato

240 2563 322 2620 Ante
337 2561 440 2619 focum
454 2559 563 2639 plenas
579 2558 763 2638 explicuisse
777 2559 882 2642 plagas

196 2647 238 2705 Et
252 2645 369 2723 piscem
382 2640 513 2702 tremula
531 2641 693 2702 salientem
709 2643 823 2705 ducere
838 2654 904 2705 1111

157 2739 191 2789 10
238 2727 395 2806 Flavaque
412 2727 450 2787 de
465 2728 560 2786 rubro
574 2745 720 2806 promere
735 2727 829 2788 mella
844 2729 942 2798 cadofl

198 2813 324 2890 Pinguis
339 2809 515 2890 inaequales
531 2819 639 2872 onerat
655 2812 703 2870 cui
717 2810 808 2872 vilica
822 2833 942 2873 mensas

239 2897 281 2955 Et
296 2915 425 2956 11111111
440 2900 560 2974 emptus
574 2901 738 2974 praeparat
757 2916 811 2956 ova
825 2897 925 2958 cinis?

131 3002 135 3014 ¹
197 2980 267 3038 Non
283 2985 364 3038 amet
378 2981 457 3038 hanc
472 2981 564 3038 111111
579 2979 716 3056 quisquis
730 2999 780 3040 me
794 3001 856 3040 non
872 2988 966 3060 amat,
988 2989 1081 3065 opto,

240 3062 332 3124 Vivat
346 3069 378 3122 et
391 3064 516 3123 urbanis
533 3059 619 3121 albus
633 3063 665 3120 in
684 3062 803 3126 olliciis.

595 3199 672 3260 LVI.

199 3307 360 3369 Continuis
375 3311 481 3368 vexata
496 3308 600 3368 madet
613 3307 767 3369 vindemia
779 3311 905 3370 nimbis:

238 3391 306 3451 Non
320 3398 425 3472 potes,
446 3397 481 3451 ut
496 3393 617 3470 cupias,
639 3393 793 3471 vendere,
816 3413 911 3472 copo,
934 3411 1065 3458 merum.
