2460 3878
125 179 186 245 288
444 173 490 238 ΜΣ
505 178 597 239 VAL.
613 177 844 239 Manilius

249 331 314 392 Nec
330 328 495 409 Capitolini
509 326 599 389 collis
615 327 738 389 alumna
751 331 818 391 tibi.

207 416 272 477 Nec
287 415 348 474 cito
362 410 480 473 ridebit
492 414 650 492 peregrini
670 411 769 491 gloria
782 420 907 493 partus,

249 499 414 558 Romanam
429 495 539 557 deceat
556 515 646 574 quam
659 497 754 576 magis
769 516 839 558 esse
849 517 973 561 ‚nurum

209 584 260 644 Tu
273 577 461 640 desiderium
476 578 617 639 dominae
630 581 707 640 mihi
720 581 823 640 mitius
838 582 924 642 urbis

167 677 201 732 10
249 668 327 726 Esse
341 665 445 724 iubes:
465 663 591 724 Romam
607 671 641 722 to
657 664 732 723 mihi
746 661 813 725 solu
827 664 917 730 facis.

596 795 688 858 xxii.

209 899 306 975 Quam
321 898 361 957 sit
375 897 459 956 lusca
473 892 632 955 Philaenis
646 893 848 972 indecenter,

209 982 265 1045 Vis
280 981 378 1042 dicam
393 979 533 1040 breviter
545 979 620 1054 tibi,
642 976 796 1038 Fabulle?

208 1065 301 1126 Esset
315 1082 406 1126 caeca
421 1062 583 1123 decentior
601 1059 770 1123 Philaenis.

588 1194 695 1256 xxlli.

210 1296 360 1357 Dentibus
376 1303 468 1373 atque
485 1294 598 1370 comis,
620 1311 678 1352 uec
694 1299 725 1352 te
739 1290 853 1373 pudet,
873 1293 974 1354 uteris
990 1297 1110 1378 emptis.

250 1377 332 1457 Quid
345 1378 441 1440 iacies
456 1375 561 1456 oculo,
580 1374 708 1436 Laelia?
728 1394 790 1435 non
805 1376 928 1440 emitur.

537 1545 543 1554 ·
592 1510 702 1572 xxiv.

212 1608 401 1687 0iucunda,
427 1610 572 1686 cosinae,
594 1605 746 1685 solitudo,

211 1693 347 1754 carruca
361 1695 457 1771 magis
472 1691 645 1772 essedoque
659 1697 778 1770 gratum

209 1774 346 1836 Facundi
361 1777 436 1837 mihi
451 1797 559 1837 munus
574 1774 716 1836 Aeliani!

209 1860 270 1921 Hic
284 1879 403 1920 mecum
417 1859 509 1939 licet,
530 1860 598 1936 hic,
620 1860 739 1937 iuvate,
762 1856 911 1939 quidquid

187 1945 244 2006 bin
258 1945 384 2004 buccam
399 1945 457 2005 tibi
471 1945 609 2021 venerit,
631 1940 777 2023 loquaris.

209 2027 279 2087 Non
295 2034 399 2089 rector
412 2028 522 2107 Libyci
536 2029 626 2106 niger
640 2025 767 2104 caballi,

211 2111 391 2172 Succinctus
405 2130 507 2191 neque
522 2131 630 2172 cursor
644 2108 809 2170 antecedit.

211 2193 367 2274 Nusquam
381 2202 431 2256 est
444 2194 554 2270 mulio;
576 2195 712 2256 mannuli
727 2195 880 2256 tacebunt.

212 2277 238 2338 0
256 2279 282 2338 si
296 2281 436 2340 conscius
451 2285 536 2340 essct
549 2281 600 2356 iric
617 2280 741 2356 Avitus,

173 2363 325 2426 {odorem
342 2382 404 2424 non
418 2382 475 2442 ego
490 2365 615 2424 tertiam
630 2364 779 2422 timerem.
892 2363 894 2370 '

92 2516 94 2522 Α
193 2502 196 2512 ,
212 2446 310 2506 Totus
326 2457 415 2525 quam
429 2448 510 2508 bene
524 2449 568 2507 sic
587 2444 653 2506 dies
670 2445 785 2506 abiret!

598 2579 694 2642 XXV.
729 2625 737 2642 .

212 2677 288 2738 Cum
299 2695 374 2755 rogo
387 2682 420 2736 te
431 2697 569 2738 nummos
580 2679 647 2738 sine
659 2679 800 2759 pignore,
812 2695 897 2753 „non
907 2676 1045 2756 habeo,“
1059 2679 1172 2759 inquis.

252 2760 354 2839 Idem,
376 2762 403 2821 si
416 2781 473 2843 pro
489 2780 538 2822 me
553 2759 688 2842 spondet
705 2759 840 2840 agellus,
861 2760 968 2821 habes.
1210 2759 1211 2764 ’

211 2843 301 2921 Quod
312 2845 388 2905 mibi
401 2864 464 2905 non
479 2844 580 2906 credis
594 2847 710 2924 veteri,
734 2842 901 2923 Telesine,
924 2842 1044 2924 sodali,

254 2928 365 2989 Credis
381 2927 520 2990 coliculis
535 2931 757 3009 arboribusque
771 2929 859 2993 meis.

190 3012 314 3087 chicce,
334 3030 422 3072 reum
440 3013 537 3074 carus
551 3018 584 3073 te
600 3011 730 3074 detulit:
750 3013 825 3078 assit
838 3010 965 3091 agellus.

253 3093 355 3156 Exilia
371 3097 513 3158 comitem
529 3097 675 3177 quaeris?
696 3095 813 3176 agellus
828 3102 887 3157 eat.

595 3229 704 3294 xxvi.

213 3323 371 3400 Sexagena
385 3331 469 3384 teras
485 3345 551 3384 cum
566 3325 671 3386 limina
684 3345 774 3387 mane
788 3333 929 3404 senator,

252 3404 330 3464 Esse
344 3407 402 3464 tibi
418 3405 526 3467 videor
541 3407 714 3469 desidiosos
729 3427 842 3489 eques,
