2500 3912
501 194 625 242 SATIRA
647 196 684 244 11.

90 336 242 411 Libertas,
266 344 296 394 et
317 334 397 394 crine
420 351 513 395 senex
531 335 671 395 fanaticus
693 331 760 396 albo

91 421 249 481 Sacrorum
270 419 406 494 antistes,
428 435 523 478 rarum
545 435 580 478 ao
598 416 788 479 memorabile
809 423 905 497 magni

92 504 227 566 Guttnris.
243 502 408 580 exemplum
432 503 697 585 conducendusque
717 504 864 580 magister.

91 588 168 662 Quid
182 596 278 646 tarnen
294 594 487 665 exspectant,
508 586 634 664 Phrygio
651 604 724 665 quros
742 595 856 666 tempus
872 596 934 649 erat
951 589 1006 649 ianr
1035 601 1084 653 115

89 671 175 732 blore
198 687 409 749 supervacuam
431 670 531 730 cultris
554 671 728 749 abrumpere
752 668 890 730 carnem?

90 754 310 830 Quadringenta
334 753 413 814 dedit
431 753 580 815 Gracchus
604 756 739 815 sestertia
761 755 857 814 dotem

90 837 258 914 Cornicini,
282 838 344 897 sive
367 837 414 896 hic
436 847 518 898 recto
539 846 706 899 cantaverat
727 855 814 899 aere:

89 924 230 1001 Signatae
252 921 390 994 tabulae;
414 921 520 982 dicturn
542 920 694 983 Felicitan!
718 924 821 1000 ingens

89 1005 193 1088 Gpena
216 1006 314 1080 sedet;
336 1007 448 1084 grenrio
467 1007 555 1066 iacuit
576 1023 651 1076 nova
674 1015 763 1085 nupta
784 1007 887 1066 rnariti.
1033 1018 1085 1070 120

90 1091 115 1150 0
137 1107 299 1170 proceres,
323 1106 447 1150 censore
470 1107 545 1169 opus
564 1099 608 1149 est
628 1108 664 1150 an
685 1089 841 1167 haruspice
864 1088 972 1150 nobis?

89 1176 214 1236 Scilicet
234 1173 373 1235 horreres
391 1175 559 1253 maioraque
581 1184 708 1234 monstra
730 1181 860 1253 putares,

89 1261 123 1320 Si
145 1258 249 1319 mulier
269 1257 388 1317 vitulum
408 1258 457 1318 vel
479 1259 503 1318 01
526 1257 580 1317 1100
603 1258 706 1319 ederet
725 1253 851 1335 agnum?

88 1347 249 1420 Segnrenta
271 1351 300 1402 01
323 1341 429 1419 longos
447 1340 561 1403 habitus
585 1352 614 1403 01
636 1341 767 1403 flammea
787 1342 881 1418 sumit,

87 1427 208 1488 Arcano
229 1427 276 1505 qui
299 1441 383 1486 sacra
404 1425 503 1485 lenens
522 1427 648 1487 nutantia
675 1426 740 1486 loro
1033 1437 1083 1490 115

86 1511 211 1572 Sudavit
243 1510 349 1589 clipeis
372 1509 521 1570 ancilibus.
567 1508 591 1568 0
614 1518 698 1590 pater
716 1508 806 1586 urbis,

86 1593 174 1656 Unde
196 1593 280 1655 nelas
300 1603 407 1654 tantum
429 1591 516 1654 Latiis
536 1591 722 1673 pastoribus?
746 1594 821 1655 unde

85 1679 171 1740 Haec
193 1679 303 1755 tetigit,
326 1675 468 1753 Gradive,
491 1687 555 1738 tuos
578 1679 669 1739 urtica
691 1677 838 1757 nepotes?

86 1763 226 1823 Traditur
249 1779 322 1822 ecce
344 1763 407 1822 viro
432 1760 526 1822 clarus
549 1780 660 1840 genere
684 1771 769 1842 atque
793 1763 897 1841 opibus
918 1765 977 1823 vir:

85 1846 154 1908 Nec
177 1845 292 1924 galeam
313 1863 452 1924 quassas,
476 1865 532 1906 nec
555 1855 661 1908 terranr
685 1846 806 1925 cuspide
828 1847 938 1927 pulsas,
1032 1856 1083 1910 130

84 1930 153 1992 Nec
179 1931 311 2010 quereris
331 1927 427 2008 patri?
448 1929 524 1992 vade
544 1939 665 2008 ergoet
688 1930 762 1993 cede
785 1932 884 1991 severi

84 2014 243 2092 Iugeribus
267 2015 378 2094 campi,
400 2032 486 2094 quem
507 2015 660 2094 neglegis!
672 2045 716 2060 -υ-
734 2013 867 2074 thcinnr
890 2030 954 2073 cras

85 2100 185 2160 Primo
208 2098 272 2159 sole
291 2099 359 2158 mihi
381 2098 581 2177 peragendum
603 2100 631 2158 111
649 2099 726 2159 valle
751 2098 870 2172 Quirini.

86 2182 173 2256 Quae
197 2199 284 2242 causa
306 2179 417 2242 officiii
439 2183 507 2262 quid
530 2180 667 2260 quaeris?
692 2182 772 2242 nubit
794 2185 913 2257 amicus,

85 2264 155 2325 Nec
176 2265 281 2326 multos
299 2265 581 2327 adhibet-Liceat
593 2267 680 2327 rnodo
694 2268 814 2326 vivere:
837 2267 917 2340 lient,
1033 2273 1083 2328 105

86 2348 175 2409 Fient
194 2351 249 2410 ista
273 2349 386 2428 palam,
409 2352 526 2429 cupient
548 2359 578 2410 et
602 2351 630 2409 in
653 2359 716 2410 acta
737 2349 853 2408 referri.

86 2433 205 2494 Interea
226 2442 399 2495 tormentum
419 2436 522 2512 ingens
541 2433 716 2494 nubentibus
737 2431 849 2509 haeret,

88 2517 178 2592 Quod
198 2527 344 2596 nequeant
362 2535 467 2596 parere
490 2527 519 2578 et
541 2527 625 2598 partu
645 2518 773 2578 retinere
793 2517 929 2588 maritos;

87 2601 151 2662 Sed
174 2601 294 2677 nrelins,
317 2601 394 2681 quod
414 2603 455 2662 nil
472 2603 573 2663 animis
595 2604 770 2682 incorpora
792 2603 862 2662 iuris

87 2684 200 2746 Natura
220 2685 366 2764 indulget:
391 2687 508 2747 steriles
531 2689 699 2764 moriuntur,
727 2696 756 2746 et
777 2686 835 2748 illis
1035 2692 1084 2747 140

87 2769 218 2847 Turgida
239 2786 297 2829 non
314 2771 436 2848 prodest
460 2770 575 2832 corrdita
598 2770 706 2851 pyxide
727 2769 818 2848 Lyde,

87 2852 155 2914 Nec
177 2854 298 2932 prodest
319 2854 388 2933 agili
406 2856 517 2933 palmas
538 2855 685 2934 praebere
719 2858 852 2933 luperco.

88 2937 168 2998 Vicit
188 2945 218 2998 01
240 2937 298 2998 hoc
317 2947 474 2999 monstrum
498 2940 615 3000 tunicati
637 2940 749 3000 fuscina
772 2937 907 3015 Gracchi,

89 3021 291 3100 Lustravitque
311 3022 380 3099 luga
402 3024 525 3084 nredianr
543 3023 688 3100 gladiator
709 3039 837 3099 arenam,

89 3104 125 3165 nt
150 3103 323 3184 Capitolinis
346 3108 524 3185 generosior
546 3107 589 3185 [et
609 3105 759 3168 Marcellis
883 3131 886 3137 ¹
1034 3113 1083 3166 145

89 3187 126 3248 nt
150 3186 244 3261 catuli
268 3189 409 3270 Paulique
440 3189 610 3269 minoribus]
633 3199 662 3250 et
683 3188 781 3251 Fabiis
800 3199 829 3250 01

90 3271 228 3334 Omnibus
251 3274 288 3336 ad
308 3275 424 3353 podium
447 3275 663 3354 spectantibus,
689 3273 733 3333 his
756 3274 827 3334 licet
849 3274 943 3353 ipsum

89 3357 274 3434 hdrnoveas,
299 3358 380 3418 0111110
401 3368 468 3420 111110
490 3377 610 3420 1111111010
632 3359 706 3418 retia
728 3359 811 3418 misit.

130 3441 208 3503 Esse
230 3442 347 3521 aliquos
367 3461 466 3504 manes
490 3452 519 3504 et
541 3443 730 3504 subterranea
751 3458 841 3518 regna
