2460 3878
352 735 397 809 ii.
419 734 525 811 VAL.
548 735 804 811 MARTIALIS

264 882 895 1006 urrunnu-nauca

464 1089 687 1152 uiaauxl.

568 1277 589 1335 l.

83 1425 87 1435 ι
144 1391 212 1468 Quo
229 1398 279 1470 tu,
302 1409 379 1468 qno,
400 1388 484 1450 liber
498 1390 615 1466 otiose,
637 1389 739 1450 tendis

143 1473 254 1535 Cultus
270 1473 378 1534 sidone
393 1493 455 1533 non
470 1473 645 1533 cotidiana?

140 1557 295 1637 Numquid
309 1557 510 1617 Parthenium
525 1556 657 1615 videre?
684 1557 798 1619 Certe„

143 1641 245 1704 Vadas
261 1650 294 1702 et
307 1639 417 1701 redeas
432 1639 612 1700 inevolutus.

33 1739 51 1754 ‘
118 1719 253 1788 5Libros
268 1745 329 1786 non
343 1724 422 1803 legit
436 1723 508 1802 ille,
530 1723 587 1783 sed
600 1722 742 1800 libellos;

140 1809 206 1870 Nec
222 1809 320 1870 Musis
336 1814 438 1886 vacat,
460 1816 511 1868 aut
525 1809 589 1867 suis
603 1816 736 1871 vacaret.

140 1892 263 1972 Ecquid
278 1900 310 1952 te
326 1894 399 1952 satis
414 1894 556 1952 aestimas
571 1894 710 1969 beatum,

142 1978 335 2056 Contingunt
347 1977 406 2038 tibi
420 1976 446 2035 si
461 1995 565 2035 manus
582 1977 740 2036 minores?

141 2061 244 2122 Vicini
262 2066 335 2140 pete
350 2061 501 2140 porticum
519 2060 655 2136 Quirini:

99 2144 277 2207 roTurbam
292 2144 459 2207 nonhabet
474 2145 653 2203 otiosiorem

140 2229 305 2308 Pompeius
320 2225 371 2287 vel
385 2228 536 2306 Agenoris
551 2227 670 2306 puella,

141 2309 203 2374 Vel
218 2312 335 2392 primae
355 2309 495 2370 dominus
508 2309 587 2370 levis
605 2313 737 2373 carirrse.

141 2395 219 2472 Sunt
232 2393 298 2455 illic
314 2394 374 2455 duo
388 2401 508 2471 tresve,
531 2394 582 2472 qul
597 2392 756 2454 revolvant

140 2479 320 2539 Nostrarum
339 2478 438 2539 tineas
452 2479 654 2558 ineptiarum,

101 2573 133 2627 15
141 2561 204 2622 Sed
219 2583 287 2623 cum
302 2563 426 2643 sponsio
440 2560 625 2640 fabulaeque
643 2562 741 2623 lassae

3 2657 5 2720 ι
142 2647 189 2706 De
204 2647 322 2728 Scorpo
335 2646 454 2706 fuerint
468 2653 500 2706 et
513 2647 652 2707 Incitato.

551 2781 585 2840 ll.

141 2891 249 2953 Triste
265 2892 463 2973 supercilium
478 2892 610 2973 durique
625 2913 733 2954 severa
748 2894 874 2954 Catonis

180 2976 283 3036 Frons
297 2983 330 3037 et
344 2978 475 3038 aratoris
489 2977 552 3037 fllia
566 2978 719 3056 Fabricii,

140 3060 181 3119 Et
194 3062 354 3140 personati
367 3061 465 3120 fastus
479 3067 512 3120 et
530 3059 636 3139 regula
650 3081 767 3122 morum

184 3142 342 3224 Quidquid
357 3145 435 3204 etin
452 3145 591 3206 tenebris
607 3164 668 3204 non
687 3165 806 3223 sumus,
827 3146 873 3206 ite
886 3145 981 3205 foras.

118 3225 285 3291 solemma
299 3247 374 3289 ecce
390 3229 451 3289 mei
466 3229 573 3307 „Bona
588 3217 781 3302 Saturnalia“
798 3247 921 3289 versus:
984 3239 991 3256 ·

180 3312 222 3371 Et
234 3310 311 3372 licet
324 3320 358 3373 et
373 3314 428 3373 sub
444 3318 476 3372 te
490 3313 651 3395 praeside,
673 3313 790 3391 Nerua,
811 3310 900 3373 libet.

137 3395 289 3457 Lectores
304 3395 410 3457 tetrici
424 3394 615 3458 salebrosum
629 3395 761 3458 ediscite
776 3396 935 3456 Santram:

178 3478 231 3540 Nil
246 3480 322 3540 mihi
337 3481 491 3541 vobiscum
507 3487 570 3543 est:
592 3482 652 3541 iste
667 3479 749 3542 liber
767 3496 851 3540 meus
865 3486 922 3539 est.
