2430 3894
156 240 218 303 110
482 240 527 300 M.
539 238 631 301 vni.
645 231 891 338 ΜΑΒἸῚΑΙᾸΞ1
976 269 980 278 ·

630 439 711 502 XlV.

240 550 360 612 Sedere
374 553 474 631 primo
490 550 600 613 solitus
617 554 650 612 iu
665 551 762 630 gradu
777 571 901 634 semper

240 634 346 713 Tune,
360 655 430 695 cum
442 635 556 696 liceret
571 654 739 716 occupare,
760 635 934 717 Nanneius,

238 719 291 778 Bis
304 719 454 780 excitatus
468 726 581 798 terque
595 718 755 779 transtulit
769 727 884 799 castra,

238 803 280 863 iit
292 805 376 862 iuter
391 805 473 882 ipsas
486 821 586 883 paene
601 805 714 864 tertius
729 802 822 864 sellas

217 886 316 946 5Post
331 886 501 964 Gaiumque
514 887 704 965 Luciumque
719 887 869 948 consedit.

237 968 327 1030 illinc
341 968 461 1032 cucullo
476 972 628 1050 prospicit
641 977 732 1050 caput
745 976 846 1030 tectus

145 1061 146 1064 ’
166 1078 167 1088 ¹
239 1051 400 1132 Oculoque
413 1052 505 1114 ludos
520 1060 640 1134 spectat
654 1053 802 1114 indecens
815 1074 886 1115 uuo.

238 1136 280 1196 Et
294 1138 367 1196 binc
381 1139 476 1198 miser
492 1137 632 1199 deiectus
646 1139 679 1196 iu
693 1139 771 1196 riam
785 1141 913 1217 transit,

240 1219 458 1300 Subsellioque
472 1219 646 1282 semifultus
661 1227 800 1282 extremo

198 1305 279 1366 10th
293 1303 373 1364 male
388 1312 534 1385 receptus
549 1304 649 1365 altero
664 1323 745 1383 genu
758 1307 869 1384 iactat,

220 1433 223 1452 .
239 1388 345 1468 Equiti
360 1389 472 1450 sedere
487 1389 640 1468 Leitoque
655 1407 689 1448 ae
706 1394 799 1452 stare.

642 1555 709 1618 xv.
745 1527 751 1540 '

241 1681 373 1758 Quintus
388 1689 564 1740 nostrorum
577 1678 661 1740 liber
676 1686 740 1759 est,
760 1683 914 1761 Auguste,
935 1685 1091 1762 iocorum,

281 1765 324 1825 lit
339 1767 480 1844 queritur
493 1763 595 1824 laesus
611 1765 746 1824 carmine
758 1783 850 1825 nemo
863 1785 949 1844 meo,

240 1848 363 1909 Gaudet
376 1850 527 1909 honorato
545 1846 602 1907 sed
616 1847 729 1909 multus
742 1851 867 1910 nomine
881 1849 1000 1930 lector,

282 1933 339 1992 Cui
353 1934 470 1992 victura
485 1950 554 1992 meo
568 1950 697 1992 munere
711 1933 791 1992 fama
807 1933 904 1994 datur.

138 2023 141 2032 '
219 2014 345 2093 5„de
355 2024 458 2077 tamen
469 2017 546 2075 baec
556 2023 688 2095 prosunt
700 2018 835 2095 quamvis
847 2020 1028 2080 venerantia
1042 2020 1180 2084 multosi“

281 2099 351 2159 Non
363 2101 485 2180 prosint
501 2117 591 2178 sane,
613 2119 662 2160 me
678 2106 779 2160 tamen
794 2101 854 2161 ista
867 2103 979 2164 iuvant.

630 2264 712 2328 XVI.

240 2387 330 2450 Seria
344 2409 412 2450 cum
425 2391 557 2469 possim,
581 2390 662 2469 quod
679 2390 868 2453 delectantia
881 2392 960 2453 malo

281 2472 446 2550 Scribere,
465 2479 501 2532 tu
515 2493 604 2534 causa
619 2493 670 2553 es,
692 2475 794 2536 lector
808 2479 920 2553 amice,
940 2478 1038 2556 mihi,

240 2557 297 2632 Qui
312 2554 392 2634 legis
407 2561 441 2615 et
454 2560 520 2615 tota
534 2563 638 2618 cantas
653 2577 720 2620 mea
736 2563 869 2620 carmina
882 2561 991 2620 Roma:

282 2638 345 2700 Sed
357 2641 475 2717 nescis,
498 2643 603 2719 quanti
617 2647 681 2704 stet
695 2644 769 2704 mibi
785 2643 856 2704 talis
870 2664 962 2705 amor.

217 2722 315 2784 5Nam
329 2723 355 2783 si
370 2721 504 2784 falciferi
519 2723 692 2786 defendere
710 2727 827 2807 templa
841 2727 990 2788 Tonantis

279 2806 488 2886 Sollicitisque
501 2808 595 2869 velim
609 2809 747 2871 vendere
760 2814 855 2871 rerba
872 2813 952 2888 reis,

236 2889 390 2951 Plurimus
403 2893 555 2974 Hispanas
570 2895 674 2954 mittet
688 2896 763 2955 mibi
777 2901 868 2955 nauta
881 2901 1032 2955 metretas

280 2974 322 3034 Et
336 2975 392 3035 liet
404 2979 488 3036 vario
501 2977 645 3038 sordidus
661 2997 733 3039 aere
751 2981 845 3040 sinus.

237 3058 279 3118 At
292 3077 373 3118 nunc
392 3063 517 3120 conviva
532 3068 581 3121 est
595 3063 838 3141 comissatorque
852 3059 994 3139 libellus,

195 3150 229 3205 10
277 3141 319 3201 ut
333 3147 450 3203 tautum
465 3147 559 3222 gratis
574 3146 684 3226 pagina
696 3153 802 3206 nostra
815 3144 928 3226 placet.

236 3224 300 3286 Sed
313 3244 375 3285 non
391 3232 424 3286 et
438 3234 562 3290 veteres
578 3231 718 3290 contenti
734 3229 826 3290 laude
841 3231 984 3306 fuerunt,

279 3309 356 3369 (lum
370 3311 525 3372 minimum
541 3315 602 3372 rati
616 3333 725 3374 munus
739 3313 844 3374 Alexis
859 3319 935 3376 erat.

235 3391 367 3469 „iielle“
381 3395 484 3473 inquis
499 3395 615 3473 „diutir
637 3399 735 3475 iuvat,
759 3402 791 3457 et
804 3395 996 3458 laudabimus
1011 3395 1166 3476 nsque.“

278 3474 484 3536 Dissimulari
505 3478 601 3538 facies
615 3499 683 3558 me,
704 3487 796 3561 puto,
819 3477 1013 3542 causidicum.
