2430 3894
124 153 167 222 88
448 155 492 218 Μ.
509 155 600 218 VAL.
617 155 840 216 mnit'imnis

250 305 351 383 Dona,
372 305 569 386 peregrinum
583 305 730 364 mittimus
745 302 973 366 endromidem:
990 343 1036 354 -

186 387 405 451 esculentum
419 406 542 448 ceroma
556 387 633 446 teris
649 387 825 468 tepidumve
842 390 979 466 trigona,

251 472 323 533 Sive
336 474 482 552 hsrpssta
496 489 586 531 manu
600 469 818 551 pulverulenta
833 473 932 553 rspis3

207 555 333 617 Plumea
349 574 404 615 seu
416 554 478 614 laxi
492 556 618 636 pertirls
632 553 771 635 pondera
786 553 887 634 tollis,

250 639 321 701 Sive
335 637 438 700 levem
452 658 544 699 cursu
557 639 683 698 vincere
698 640 821 717 quoeris
837 639 952 698 Atiran:
968 673 1014 684 -

207 725 253 784 Ne
268 722 410 783 madidos.
420 724 519 782 intret
532 720 726 803 penetrabile
740 723 838 800 frigus
853 724 886 782 in
899 729 1001 801 artus,

165 817 200 870 1o
248 807 333 867 Neve
350 807 449 886 gravis
464 807 564 866 subita
578 812 610 864 te
626 812 747 886 premet
763 806 819 865 Iris
834 825 925 884 aqua:

207 890 335 952 Ridebis
349 897 458 951 ventos
472 891 532 949 hoc
546 908 675 949 munere
690 895 791 949 tectus
806 895 839 949 et
852 891 986 948 imbres:

249 976 314 1035 Nec
332 976 376 1034 sic
391 974 424 1034 in
441 974 537 1053 'l'yria
552 971 682 1033 sindone
696 971 797 1033 cultus
813 973 884 1033 eris.

612 1106 679 1168 XX.

207 1218 291 1294 Dicit
305 1235 339 1277 se
353 1216 503 1296 vetulum,
526 1237 594 1278 oum
612 1219 653 1278 sit
668 1217 822 1277 Caerellia
836 1237 930 1298 pupa:

250 1301 365 1380 Pupam
381 1319 414 1360 se
431 1300 507 1360 dicit
524 1301 642 1378 Gellia,
663 1321 731 1361 cum
746 1301 787 1360 sit
803 1320 886 1363 anus.

207 1385 307 1445 Ferre
322 1392 381 1444 dec
394 1386 474 1444 hanc
487 1387 603 1464 possis,
626 1386 743 1465 possis,
765 1382 905 1462 colline,
928 1403 987 1444 nec
1002 1385 1107 1446 illam:

249 1467 359 1528 Altera
373 1466 505 1530 ridicule
520 1477 584 1547 est,
605 1467 705 1527 altere
718 1466 867 1549 putiduls.

600 1601 678 1662 XXI.

207 1712 318 1774 Nullos
333 1731 402 1774 esse
418 1713 509 1793 deos,
530 1715 623 1774 inane
642 1712 758 1774 caelum

209 1799 353 1858 Adfirmat
368 1797 476 1876 Segius
490 1799 678 1878 probatque,
702 1797 783 1876 quod
799 1815 832 1857 se

206 1881 352 1960 Factum,
374 1879 445 1941 dum
458 1887 551 1960 negat
564 1883 658 1959 haec,
679 1881 765 1942 videt
778 1883 908 1941 beatum.

594 2014 686 2076 XXll.

78 2150 83 2162 ⁴
208 2127 329 2185 Primos
343 2145 431 2206 pessa
446 2133 532 2186 toros
547 2134 579 2186 et
594 2127 693 2188 edisne
708 2125 857 2208 placanda
871 2127 982 2186 marito

250 2210 407 2270 Merserat
422 2212 455 2270 in
470 2209 584 2270 nitidos
600 2230 633 2271 se
649 2210 816 2292 Cleopatra
827 2210 928 2284 lacus,

207 2293 286 2353 llum
300 2294 379 2373 fugit
397 2293 570 2375 amplexus:
593 2294 649 2356 sed
664 2294 803 2375 prodidit
818 2294 898 2354 undu
910 2291 1086 2372 latentem,

248 2377 401 2457 Lucebai,
423 2381 497 2439 totis
512 2400 579 2440 oum
595 2386 754 2458 tegeretur
769 2381 864 2458 aquis.

184 2461 342 2522 ocoudita
357 2463 401 2521 sic
415 2481 493 2542 puro
508 2470 707 2524 numerantur
721 2460 790 2523 lilia
803 2465 899 2540 vitro,

251 2543 301 2602 Sic
316 2545 463 2623 prohibet
475 2548 578 2606 tenuis
594 2565 710 2625 gemma
723 2545 824 2606 latere
839 2565 934 2607 rosas.

205 2626 311 2688 insilui
326 2644 506 2706 mersusque
522 2629 607 2690 vadis
621 2629 770 2690 luctantia
784 2631 885 2710 carpsi

248 2711 354 2771 Basia:
376 2713 559 2792 perspicuae
571 2712 642 2795 plus
660 2715 798 2775 vetuistis
813 2732 918 2792 aquae.

590 2861 695 2925 XXlll.

205 2976 283 3035 Dum
297 2982 332 3036 tu
346 2973 433 3036 lenta
447 2977 538 3036 nimis
554 2975 668 3055 diuque
685 2977 824 3056 quaeris,

205 3059 281 3135 Quis
299 3061 416 3139 primus
431 3059 489 3119 tibi
506 3063 611 3139 quisve
626 3062 666 3120 sit
681 3059 849 3136 secundus,

206 3143 331 3203 Graium
348 3143 453 3221 quisve
468 3145 654 3224 epigramma
669 3144 866 3224 compararit:

203 3225 338 3286 Palmam
353 3224 575 3304 Callimachus,
600 3225 728 3306 'rhaiis‚
751 3226 843 3286 dese

179 3310 351 3371 5Facundo
368 3309 455 3371 dedit
470 3313 537 3392 ipse
551 3312 709 3373 Brutisno.

205 3393 265 3468 Qui
280 3395 306 3452 si
320 3395 473 3475 Cecropio
488 3403 572 3455 satur
586 3393 697 3474 lepore
