2474 3906
488 225 757 282 PRAEFATIO.
1114 247 1142 284 xr

166 378 233 432 Post
242 379 329 432 verba
345 376 435 447 epigr.
453 380 504 433 110
520 378 583 431 cirea
599 390 664 432 sues
681 382 742 432 octo
768 376 901 448 deinceps
925 378 1144 450 epigrammaton

102 463 234 518 lemmata
246 461 400 516 uncialibus
413 459 508 514 litteris
520 459 676 530 perscripta
687 466 764 528 sunt,
784 461 883 532 quibus
896 462 1039 532 quaternio
1050 465 1145 536 exple·

104 552 157 600 tur.
187 542 346 615 Scripturas
365 543 426 598 illas
443 542 631 598 consideranti
653 561 708 599 non
729 550 821 616 potest
841 547 990 600 obscurum
1012 562 1093 615 esse,
1118 555 1145 603 et

103 627 179 683 hune
192 626 318 682 codicem
330 643 365 680 ex
379 626 483 680 tamilla
497 625 527 680 C*
540 626 695 682 derivatum
709 628 844 698 peculiari
864 628 957 699 aliqua
974 632 1145 700 praestantia

102 710 286 782 conspicuum
298 727 354 765 non
366 725 440 766 esse.
482 709 554 764 lllud
565 709 648 765 valde
665 712 845 768 memorabile
858 717 915 779 est,
935 707 1010 784 qhod
1023 730 1087 768 curn
1099 732 1144 770 co-

102 794 159 850 dex
170 793 342 850 Bethmanno
356 793 447 849 iudice
460 809 536 849 saec.
548 793 585 850 Xl
603 795 723 866 scriptus
740 795 895 851 Martialem
910 801 1019 866 poetam
1036 813 1144 854 cocum—

99 892 155 952 que
174 878 313 949 appellet,
334 895 391 932 non
408 877 491 932 Italos
512 876 623 932 demum
637 893 713 934 saec.
724 879 785 946 XV,
811 895 882 950 quae
895 879 961 934 olim
972 881 1065 951 opinio
1081 898 1144 950 rnea

101 967 171 1029 eret,
189 967 317 1016 auctores
335 962 398 1016 miri
417 961 485 1015 tituli
504 961 591 1016 luisse
613 967 739 1032 apparel.
784 962 842 1016 Iam
854 978 917 1016 cum
928 963 1026 1019 Xeniis
1038 965 1084 1020 illa
1096 979 1144 1036 ap·

99 1045 215 1117 pallatio
234 1045 359 1116 praelixa
375 1046 426 1111 sit,
451 1044 487 1098 in
498 1060 601 1100 caussa
619 1044 706 1100 luisse
721 1045 805 1102 huius
823 1045 911 1116 ipsius
923 1046 985 1101 libri
997 1063 1144 1119 argumen-

99 1135 168 1196 tum,
181 1144 231 1182 cur
245 1129 340 1184 iocose
352 1133 435 1200 poeta
454 1130 513 1184 coci
528 1128 639 1182 nomine
651 1133 842 1197 exornaretur,
860 1130 1003 1198 probabile
1023 1132 1143 1202 cuipiam

101 1210 192 1266 videri
211 1213 311 1282 possit.
345 1212 510 1282 Quanquam
527 1229 562 1266 ne
581 1227 653 1268 nunc
673 1212 785 1284 quidem
803 1211 872 1267 illud
891 1213 1090 1285 negligendum
1102 1222 1144 1270 cst

100 1294 179 1364 qued
191 1294 238 1350 ed.
249 1296 314 1350 mai.
327 1296 358 1351 T.
370 1296 402 1363 ll,
415 1313 444 1369 p.
456 1297 507 1354 736
519 1296 678 1366 perstrinxi.

165 1379 313 1434 Praeterea
324 1380 363 1434 Μ.
374 1379 509 1450 Hauptius
522 1380 550 1434 iri
567 1379 645 1440 Actis
667 1379 797 1436 Societat.
813 1379 874 1434 Litt.
891 1380 1045 1452 Lipsiensis
1064 1385 1142 1450 1850,

99 1462 153 1533 lp·
164 1465 183 1521 8
194 1479 255 1534 sqq.
267 1468 373 1534 partem
394 1464 614 1535 epigrammaton
630 1463 764 1518 Martialis
784 1463 901 1518 alierum
920 1470 1064 1534 poetarum
1080 1468 1143 1526 joar-

99 1546 222 1602 minibus
234 1548 419 1602 intermixtam
434 1547 557 1618 repperit
568 1547 596 1600 in
612 1546 710 1600 codice
725 1545 847 1618 quedam
865 1548 989 1602 miscello
1005 1548 1142 1619 Lipsiensi

99 1645 178 1684 saec.
188 1629 224 1684 X.
255 1631 299 1686 Ex
311 1647 365 1701 quo
379 1647 450 1702 quae
461 1630 597 1701 Hauptius
615 1630 756 1701 excerpsit
769 1629 821 1684 etsi
836 1631 936 1686 librum
949 1645 986 1684 ex
999 1632 1073 1686 tonte
1087 1648 1143 1686 non

97 1715 173 1769 malo
186 1721 370 1786 propagatum
384 1714 494 1782 docent,
513 1712 697 1768 emendandis
709 1719 800 1768 tamen
812 1718 912 1784 poetae
928 1715 1022 1770 verbis
1034 1717 1144 1786 perexi-

99 1813 188 1868 guum
199 1815 281 1853 usum
294 1797 407 1853 hebent.
440 1796 584 1872 Quaedam
597 1797 668 1852 inlra
681 1790 912 1852 commemoravi:
930 1799 1142 1853 commemorari

97 1881 184 1936 ctiam
200 1881 254 1936 hoc
272 1887 379 1954 potest,
403 1881 530 1936 codicem
547 1881 609 1935 libr.
626 1887 653 1951 2,
665 1884 709 1948 80,
721 1885 738 1938 2
749 1879 802 1936 Die
814 1879 915 1935 efferre
926 1897 977 1952 pro
988 1883 1066 1954 vulg.
1078 1881 1142 1950 Hic,

98 1963 176 2036 quod
189 1964 281 2036 ipsum
292 1965 356 2021 Ant.
370 1965 457 2021 Roius
472 1966 616 2036 poscebat.
648 1963 685 2018 At
698 1965 854 2034 excerptori
867 1965 1051 2020 conveniebat
1064 1965 1141 2033 illud,

97 2049 126 2102 in
138 2049 249 2120 integro
263 2050 386 2104 carmine
397 2049 452 2104 Hic
462 2049 552 2118 aptius
565 2054 617 2102 est.

161 2134 307 2188 Postremo
321 2132 393 2188 Guil.
405 2132 578 2188 Hamiltonus
595 2131 632 2186 ad
645 2132 820 2187 collationem
832 2131 1054 2202 Edinburgensis
1067 2131 1141 2186 oodi·

95 2216 140 2272 eis
157 2214 267 2271 addidit
284 2216 443 2284 „Adnotata
465 2214 605 2286 quaedam
619 2215 753 2270 Hadriani
769 2215 840 2270 Iunii
858 2231 893 2270 ex
910 2215 1024 2270 schedis
1035 2215 1142 2270 Dorvil·

96 2301 195 2367 lianis,
223 2301 248 2356 si
269 2306 344 2355 recte
366 2300 492 2367 memini,
516 2300 544 2353 in
564 2299 731 2354 bibliotheca
751 2297 906 2352 Bodleiana
926 2299 1078 2353 asservatis
1096 2315 1143 2352 ex·

96 2386 225 2454 cerpta.“
269 2383 346 2451 Quae
365 2399 401 2438 ex
412 2383 546 2439 Tlruaneo
566 2381 665 2438 codiee
684 2382 799 2453 repetita
811 2371 874 2438 esse
887 2387 1069 2436 accuratame
1081 2398 1143 2452 per-

95 2468 249 2538 vestigatio
268 2466 373 2524 docuit.
394 2497 437 2506 -—
458 2467 585 2538 Denique
597 2471 627 2522 ut
637 2466 692 2521 hoc
705 2464 823 2534 addam,
845 2464 882 2519 ad
893 2463 1002 2520 indices
1015 2465 1143 2521 codicum

94 2552 167 2606 olim
179 2551 318 2607 exhibitos
330 2550 466 2606 accedant
482 2552 588 2621 aliquot
598 2549 711 2606 codices
725 2566 761 2604 ex
770 2549 838 2604 Maii
849 2548 1001 2621 Spicilegio
1016 2549 1142 2606 Romano

95 2633 132 2706 Y,
144 2652 174 2705 p-
189 2638 237 2693 191
251 2641 277 2689 et
288 2640 348 2694 212.
391 2636 486 2690 Priore
504 2636 566 2689 loce
583 2638 709 2690 vetustus
727 2633 813 2688 index
830 2633 900 2688 inter
915 2633 1027 2689 codices
1046 2634 1143 2691 biblio·

96 2717 201 2774 thecae
223 2718 472 2776 laureshamensis
491 2717 590 2775 habet:
615 2719 709 2786 „libri
725 2718 860 2774 Martialis
876 2723 976 2789 poetae
990 2719 1017 2772 in
1029 2734 1084 2772 uno
1097 2735 1143 2774 co-

96 2800 200 2868 dice“;
218 2804 304 2857 altero
317 2801 403 2857 index
421 2801 597 2860 corbeiensis
615 2801 814 2858 bibliothecae:
840 2801 1003 2868 „Martialis
1028 2801 1141 2857 Statius.

96 2885 237 2940 Aeneis.“
264 2885 304 2940 De
316 2887 378 2942 aliis
390 2885 558 2956 quibusdam
571 2886 618 2940 vcl
630 2884 668 2940 ad
679 2883 886 2940 emendandum
899 2886 943 2942 vel
955 2884 992 2940 ad
1001 2886 1142 2957 explican-

89 2968 164 3024 dum
174 2969 331 3026 Martialem
342 2970 492 3040 praesidiis
507 2969 598 3026 dicam
616 2969 644 3024 in
657 2969 879 3037 commentariis,
904 2985 974 3040 quos
992 2967 1141 3040 aliquando

42 3089 47 3098 ·
96 3052 183 3107 edere
196 3054 306 3109 animus
319 3060 371 3109 est.

158 3138 205 3192 Ex
229 3139 306 3193 libris
328 3154 428 3192 recens
451 3139 580 3193 excussis
599 3143 627 3192 ut
646 3136 1029 3210 inrecognoscendisverbis
1042 3142 1142 3208 poetae

96 3237 151 3276 non
164 3223 282 3277 multum
292 3222 414 3292 proieci,
432 3223 469 3277 ita
481 3222 579 3277 sedulo
592 3236 706 3292 operam
718 3219 799 3287 dedi,
812 3226 841 3276 ut
854 3221 951 3275 iterum
963 3220 1065 3275 edendi
1077 3235 1142 3274 con·

95 3305 211 3360 dicione
227 3313 340 3378 praeter
358 3306 519 3378 opinionem
537 3306 628 3361 oblata
644 3305 779 3360 Martialis
798 3305 839 3359 sui
861 3303 977 3359 similior
998 3303 1141 3358 evaderet.

94 3389 154 3444 Nee
167 3389 318 3462 quisquam
329 3390 487 3454 mirabitur,
505 3388 581 3462 quod
592 3389 741 3444 interiectis
754 3387 863 3444 duobus
874 3388 968 3442 lustris
981 3389 1015 3442 ab
1029 3402 1063 3440 ea
1075 3386 1141 3442 scri·

92 3479 188 3544 ptura,
203 3489 286 3544 quarn
298 3475 325 3528 in
338 3473 460 3529 editione
472 3475 577 3528 maiore
589 3488 750 3543 posueram,
762 3488 817 3525 nen
831 3472 867 3525 ita
879 3485 943 3524 raro
956 3470 1071 3530 recessi.
1097 3469 1141 3522 Et-

91 3559 170 3612 enim
184 3558 240 3612 alia
253 3559 308 3612 iarn
320 3559 348 3613 in
358 3557 508 3619 ,addendis
519 3562 546 3612 et
556 3554 736 3626 Corrigendis
748 3569 784 3608 cx
795 3551 1042 3624 praestantissimis
1053 3551 1140 3618 libris,
