2460 3878
357 193 697 255 urlGnAMMA'roN
711 196 784 259 tin.
800 199 836 258 X.

131 344 324 421 dlunoncm,
345 341 519 423 Polyclito,
542 365 626 406 suam
640 348 700 408 nisi
717 349 963 428 interemerat,

201 428 347 488 iunonem
362 435 486 506 poterat
502 430 601 489 irater
618 450 720 490 amare
735 438 825 495 tuam.

560 563 625 624 XC.

129 679 132 684 '
158 671 240 749 Quid
256 669 345 731 vellis
358 671 511 752 vetulum,
532 674 636 753 Ligia‚
659 679 811 738 cunnum?

158 755 241 832 Quid
255 756 338 815 busti
352 757 474 816 cineres
488 759 533 816 tui
549 756 699 819 lacessis?

157 839 253 899 'Pales
267 837 435 899 munditiae
449 839 563 901 decent
576 840 706 921 puellas.

158 923 234 982 Nam
249 928 283 982 tu
296 924 354 981 iam
369 940 428 982 uec
444 943 518 984 anus
533 930 622 1003 potes
637 926 745 988 videri.

133 1005 260 1083 alstud,
283 1005 376 1065 crede
392 1007 482 1084 mihi,
503 1008 606 1087 Ligia,
628 1008 712 1070 belle

156 1090 225 1150 Non
242 1095 340 1149 mater
353 1089 428 1149 facit
442 1091 605 1169 Hectoris,
627 1093 682 1152 sed
697 1113 781 1153 uxor.
887 1142 892 1156 Α.

156 1175 269 1250 Erras,
293 1174 318 1232 si
333 1174 391 1232 tibi
406 1193 523 1234 cunnus
537 1175 588 1234 hic
603 1175 741 1256 videtur,

158 1257 207 1316 Ad
222 1275 312 1335 quem
327 1256 463 1317 mentula
476 1259 638 1338 pertinere
653 1259 744 1323 desit.

158 1342 259 1418 Quare
274 1342 301 1400 si
317 1339 418 1420 pudor
432 1349 496 1418 est,
517 1342 620 1421 Ligia,
642 1344 705 1404 noli

113 1419 285 1488 10Barbam
299 1423 419 1484 vellere
436 1433 556 1486 mortuo
573 1425 667 1488 leoni.

552 1559 629 1620 xci.

157 1670 272 1729 Omnes
288 1641 445 1730 eunuchos
459 1671 554 1731 habet
567 1670 674 1749 Almo,
697 1690 755 1731 nec
770 1674 878 1752 arrigit
892 1676 976 1756 ipsc,

197 1754 239 1813 ut
255 1755 412 1833 queritur,
433 1755 533 1834 pariat
547 1755 628 1833 quod
644 1775 697 1816 sua
710 1754 799 1816 Polla
812 1757 899 1820 nihil

549 1863 639 1950 xcii.

155 1999 254 2077 Mari,
277 2001 399 2079 quietae
415 2000 514 2062 cultor
528 2011 561 2063 et
570 2023 677 2063 comes
691 2004 788 2082 vitae,

157 2083 224 2158 Quo
240 2085 305 2143 cive
318 2085 420 2164 prisca
437 2084 588 2164 gloriatur
602 2088 710 2164 Atina,

157 2167 220 2225 Has
239 2169 295 2227 tibi
309 2168 454 2245 gemellas
470 2171 592 2230 barbari
608 2169 702 2229 docus
716 2169 780 2230 luci

157 2249 346 2311 Commendo
362 2254 451 2332 pinus
467 2252 615 2330 ilicesque
632 2254 806 2312 Faunorum

133 2335 199 2394 §Et
214 2334 382 2396 semidocta
397 2336 478 2396 vilici
492 2356 582 2396 manu
597 2343 729 2396 structas

157 2417 307 2478 Tonantis
326 2439 393 2478 oras
409 2419 590 2498 horridique
608 2416 736 2497 Silvani,

157 2501 239 2577 Quas
256 2503 354 2581 pinxit
368 2505 437 2581 agni
452 2522 544 2583 saepe
560 2505 680 2582 sanguis
696 2501 872 2577 cuthredi,

156 2584 377 2664 Dominamque
392 2589 488 2647 sancti
503 2589 651 2666 virginem
667 2587 754 2648 deam
768 2585 894 2667 templi,

158 2669 200 2728 lct
214 2687 306 2748 quem
320 2672 436 2730 sororis
452 2670 606 2752 hospitem
621 2671 707 2731 vides
726 2678 827 2731 castae

4 2769 6 2794 ¹
117 2761 151 2812 10
157 2751 293 2813 Martem
306 2772 441 2814 mearum
458 2756 630 2834 principem
645 2753 870 2831 Kalendarum,

157 2836 199 2895 ut
213 2833 365 2896 delicatae
379 2836 518 2897 laureum
532 2857 638 2897 nemus
655 2837 784 2912 Florae,

157 2919 191 2979 ln
208 2918 291 2997 quod
303 2920 416 3000 Priapo
431 2927 640 3000 persequente
655 2921 801 2999 confugit.

157 3003 226 3062 Hoc
244 3023 333 3063 omne
349 3003 442 3082 agelli
458 3006 532 3064 mite
548 3001 667 3084 parvuli
683 3022 794 3063 numen

158 3087 219 3145 Seu
233 3093 268 3145 tu
284 3107 413 3166 cruore,
435 3090 498 3148 sive
515 3096 585 3148 ture
599 3086 750 3168 placabis:

117 3171 362 3251 15„Ubicunque
376 3181 481 3232 vester
496 3169 651 3233 Martialis
667 3173 754 3236 est.“
776 3170 879 3250 dices,

156 3254 260 3332 „llac‚
282 3272 372 3333 ecce,
394 3275 512 3316 mecum
527 3256 655 3316 dextera
669 3254 740 3316 litat
752 3257 839 3316 vobis

155 3338 278 3397 Absens
295 3337 457 3415 sacerdos;
476 3360 529 3400 vos
545 3346 651 3420 putate
666 3346 864 3419 praesentem

155 3422 198 3482 Et
213 3421 284 3482 date
300 3419 418 3484 duobus
433 3422 583 3503 quidquid
600 3420 680 3482 alter
694 3422 844 3500 optabit.“

1052 196 1110 262 251
