2460 3878
369 186 705 248 EPIGRAMMATON
717 189 793 255 LIB.
816 186 880 249 XII.
1087 185 1150 249 293

235 339 298 400 Res
316 357 376 398 una
391 345 456 415 est,
478 339 544 397 siue
559 356 608 397 me
624 357 712 416 quam
726 337 818 413 Iocis,
842 344 874 397 et
889 339 987 398 taceo.

172 422 246 485 5Nil
259 429 364 483 tamen
379 423 501 482 omniuo
516 428 656 501 praestas
671 421 755 481 milri.
785 420 950 498 „Mortuus
958 421 990 497 ,“
1006 421 1124 498 inquis,

235 507 416 586 „Accipiam
430 507 510 564 bene
526 505 592 567 te.“
620 503 672 565 Nil
684 501 771 564 volo:
793 503 849 564 sed
864 522 997 568 morere.

589 636 665 698 XLI.

192 756 262 817 Non
277 765 342 836 est,
364 758 486 836 Tucca,
507 758 598 835 satis,
621 755 704 834 quod
720 775 754 816 ea
769 755 908 835 gulosus:

191 841 234 901 nt
248 839 309 902 dici
325 841 411 922 cupis
425 846 457 900 et
472 842 558 920 cupis
572 839 682 900 videri.

550 987 552 994 '
586 973 677 1034 XLII.

193 1086 343 1147 Barbatus
359 1084 459 1164 rigido
474 1073 580 1166 nupsii
594 1082 791 1146 Callistratus
805 1085 900 1162 Afro,

235 1170 302 1230 Hac
319 1189 377 1248 qua
390 1169 462 1249 lege
477 1171 543 1229 viro
562 1170 680 1228 nubere
695 1170 780 1247 virgo
796 1167 886 1229 solet.

193 1251 382 1314 Praeluxere
396 1254 497 1331 Iaces,
518 1251 659 1312 velarunt
674 1253 813 1313 flammea
827 1252 944 1329 voltus,

234 1338 300 1398 Neo
313 1342 366 1397 tua
381 1337 550 1399 defuerunt
563 1338 672 1414 verba,
691 1336 837 1416 'lalasse‚
860 1337 926 1397 tibi.

170 1422 256 1482 5Dos
271 1422 363 1482 etiarn
380 1421 461 1482 diota
475 1429 532 1482 est.
562 1418 702 1480 Nondum
718 1423 790 1499 tibi,
811 1422 922 1498 Roma,
942 1419 1066 1480 videtur

235 1506 304 1565 Hoc
318 1506 581 1597 satisipenpectas
597 1502 745 1583 numquid
760 1510 795 1565 ut
810 1512 844 1566 et
856 1503 979 1585 pariat?

579 1638 684 1699 XLIII.

192 1749 355 1810 Facundos
368 1752 444 1811 mihi
459 1749 498 1811 de
513 1749 687 1811 libidInosis

190 1832 308 1912 Legisti
324 1831 467 1913 nimium,
490 1834 632 1914 Sabelle,
654 1855 778 1914 versus,

194 1915 308 1993 Quales
322 1937 381 1979 neo
395 1917 545 1998 Didymae
561 1921 662 1980 sciunt
677 1919 816 2000 puellae,

191 2001 256 2060 Nec
272 2000 383 2064 molles
396 2001 621 2082 Elephantidos
633 2001 745 2082 libelli.

171 2083 274 2146 osana
287 2084 353 2146 illic
368 2085 502 2148 Veneris
517 2105 613 2145 novae
627 2087 762 2165 figurae,

193 2167 307 2243 Quales
324 2167 465 2248 perditus
480 2166 591 2228 audeat
604 2170 739 2248 fututor:

191 2251 358 2313 Praestent
371 2258 405 2312 et
417 2257 540 2312 taceant
554 2250 629 2331 quid
644 2251 775 2332 exoletI,

194 2336 261 2411 Quo
275 2335 497 2416 symplegmate
513 2336 648 2415 quiuque
663 2335 864 2417 copulentur,

192 2419 258 2494 Qua
275 2418 381 2500 plures
395 2424 561 2480 teneantur
577 2426 732 2497 scatens,

151 2503 364 2564 lollxtinctam
378 2502 474 2565 liceat
491 2501 565 2582 quid
580 2501 619 2563 ad
632 2501 799 2566 lucernam.

192 2585 285 2647 Tanti
299 2606 362 2648 non
375 2595 459 2667 erat,
481 2606 550 2650 esse
565 2592 597 2647 te
613 2587 771 2651 disertum.

576 2721 683 2783 XLIV·
713 2745 724 2762 ⁴

193 2827 308 2910 Unice,
330 2837 459 2910 cognato
476 2832 613 2892 iunctum
629 2833 705 2892 mihi
721 2832 867 2910 sanguine
884 2849 1014 2906 nomen,

234 2915 293 2992 Qui
308 2914 391 2994 geris
406 2920 440 2974 et
454 2914 556 2975 studio
573 2915 667 2975 corda
681 2916 853 2995 propinqua
867 2933 951 2986 meo;

93 3041 99 3052 ·
191 2999 335 3060 Carmina
349 3018 417 3059 oum
432 2998 526 3058 iacias
540 2997 598 3059 soli
613 2997 755 3059 cedentia
769 2999 876 3076 fratri,

231 3084 365 3146 Pectore
379 3102 441 3143 non
455 3083 556 3142 minor·
570 3101 620 3162 es,
642 3082 697 3143 sed
711 3083 828 3163 pietate
841 3084 937 3163 prior,
1008 3115 1014 3122 ·

168 3166 302 3228 5Lesbia
316 3186 384 3227 oum
397 3174 507 3226 tenero
523 3172 555 3226 te
570 3173 677 3246 posset
691 3185 792 3226 amare
810 3165 949 3242 Catullo,

233 3251 280 3311 'Pe
295 3257 366 3331 post
382 3251 534 3311 Nasonem
549 3250 661 3311 blanda
676 3251 811 3311 Corinna
826 3251 922 3327 sequi,

189 3333 255 3393 Neo
271 3333 400 3396 deerant
416 3335 571 3416 Zephyri,
593 3336 667 3395 site
683 3333 757 3394 dare
774 3330 844 3394 vela
856 3333 995 3415 iuvaret3

233 3415 295 3476 Sed
311 3424 344 3476 tu
355 3416 430 3478 litus
446 3437 535 3480 amas.
563 3418 630 3478 Hoc
646 3435 768 3497 quoque
785 3416 892 3476 fratris
905 3417 1011 3477 habes.
