<?xml version="1.0" encoding="UTF-8"?>
<!DOCTYPE html PUBLIC "-//W3C//DTD XHTML 1.0 Transitional//EN"
    "http://www.w3.org/TR/xhtml1/DTD/xhtml1-transitional.dtd">
<html xmlns="http://www.w3.org/1999/xhtml" xml:lang="en" lang="en">
 <head>
  <title>
</title>
<meta http-equiv="Content-Type" content="text/html;charset=utf-8" />
  <meta name='ocr-system' content='tesseract 3.04.00' />
  <meta name='ocr-capabilities' content='ocr_page ocr_carea ocr_par ocr_line ocrx_word'/>
</head>
<body>
  <div class='ocr_page' id='page_1' title='image "./diuniiiuvenalis02juvegoog_0180.png"; bbox 0 0 2474 3906; ppageno 0'>
   <div class='ocr_carea' id='block_1_1' title="bbox 336 141 1099 208">
    <p class='ocr_par' dir='ltr' id='par_1_1' title="bbox 336 141 1099 208">
     <span class='ocr_line' id='line_1_1' title="bbox 336 141 1099 208; baseline 0.008 -6"><span class='ocrx_word' id='word_1_1' title='bbox 336 141 675 202; x_wconf 73' lang='lat' dir='ltr'>llHGRdMMA&#39;l’ON</span> <span class='ocrx_word' id='word_1_2' title='bbox 693 141 822 204; x_wconf 80' lang='lat' dir='ltr'><strong>LIBER.</strong></span> <span class='ocrx_word' id='word_1_3' title='bbox 1081 143 1099 208; x_wconf 85' lang='grc'><strong>7</strong></span> 
     </span>
    </p>
   </div>
   <div class='ocr_carea' id='block_1_2' title="bbox 143 249 960 458">
    <p class='ocr_par' dir='ltr' id='par_1_2' title="bbox 143 249 960 458">
     <span class='ocr_line' id='line_1_2' title="bbox 143 249 853 354; baseline -0.001 0"><span class='ocrx_word' id='word_1_4' title='bbox 143 292 196 354; x_wconf 88' lang='lat' dir='ltr'>Sic</span> <span class='ocrx_word' id='word_1_5' title='bbox 210 294 306 354; x_wconf 83' lang='lat' dir='ltr'>miser</span> <span class='ocrx_word' id='word_1_6' title='bbox 321 249 473 352; x_wconf 74' lang='lat' dir='ltr'>instantes</span> <span class='ocrx_word' id='word_1_7' title='bbox 489 291 599 352; x_wconf 84' lang='lat' dir='ltr'>affatus</span> <span class='ocrx_word' id='word_1_8' title='bbox 613 290 727 352; x_wconf 84' lang='lat' dir='ltr'>dicitur</span> <span class='ocrx_word' id='word_1_9' title='bbox 740 291 853 353; x_wconf 88' lang='lat' dir='ltr'>undas:</span> 
     </span>
     <span class='ocr_line' id='line_1_3' title="bbox 183 374 960 458; baseline -0.003 -20"><span class='ocrx_word' id='word_1_10' title='bbox 183 377 328 458; x_wconf 80' lang='lat' dir='ltr'><strong>„Parcite</strong></span> <span class='ocrx_word' id='word_1_11' title='bbox 344 374 416 435; x_wconf 92' lang='lat' dir='ltr'>dum</span> <span class='ocrx_word' id='word_1_12' title='bbox 430 393 582 456; x_wconf 87' lang='lat' dir='ltr'>propero,</span> <span class='ocrx_word' id='word_1_13' title='bbox 604 377 736 454; x_wconf 79' lang='lat' dir='ltr'>mergite</span> <span class='ocrx_word' id='word_1_14' title='bbox 749 397 816 436; x_wconf 90' lang='lat' dir='ltr'>oum</span> <span class='ocrx_word' id='word_1_15' title='bbox 830 375 960 438; x_wconf 80' lang='lat' dir='ltr'>redeo.“</span> 
     </span>
    </p>
   </div>
   <div class='ocr_carea' id='block_1_3' title="bbox 525 509 633 573">
    <p class='ocr_par' dir='ltr' id='par_1_3' title="bbox 525 509 633 573">
     <span class='ocr_line' id='line_1_4' title="bbox 525 509 633 573; baseline 0 -3"><span class='ocrx_word' id='word_1_16' title='bbox 525 509 633 573; x_wconf 88' lang='lat' dir='ltr'>XXVI.</span> 
     </span>
    </p>
   </div>
   <div class='ocr_carea' id='block_1_4' title="bbox 115 621 941 1272">
    <p class='ocr_par' dir='ltr' id='par_1_4' title="bbox 140 621 893 786">
     <span class='ocr_line' id='line_1_5' title="bbox 140 621 893 703; baseline 0.001 -18"><span class='ocrx_word' id='word_1_17' title='bbox 140 625 229 685; x_wconf 80' lang='lat' dir='ltr'><strong>Lusit</strong></span> <span class='ocrx_word' id='word_1_18' title='bbox 242 623 411 686; x_wconf 90' lang='lat' dir='ltr'>Nereidum</span> <span class='ocrx_word' id='word_1_19' title='bbox 427 621 535 683; x_wconf 92' lang='lat' dir='ltr'>docilis</span> <span class='ocrx_word' id='word_1_20' title='bbox 551 624 664 682; x_wconf 89' lang='lat' dir='ltr'>chorus</span> <span class='ocrx_word' id='word_1_21' title='bbox 678 641 813 703; x_wconf 88' lang='lat' dir='ltr'>aequore</span> <span class='ocrx_word' id='word_1_22' title='bbox 828 633 893 686; x_wconf 90' lang='lat' dir='ltr'>toto</span> 
     </span>
     <span class='ocr_line' id='line_1_6' title="bbox 180 706 791 786; baseline 0.005 -18"><span class='ocrx_word' id='word_1_23' title='bbox 180 709 223 768; x_wconf 83' lang='lat' dir='ltr'>Et</span> <span class='ocrx_word' id='word_1_24' title='bbox 236 710 319 769; x_wconf 88' lang='lat' dir='ltr'>vario</span> <span class='ocrx_word' id='word_1_25' title='bbox 331 706 439 768; x_wconf 77' lang='lat' dir='ltr'><strong>faciles</strong></span> <span class='ocrx_word' id='word_1_26' title='bbox 451 707 560 766; x_wconf 83' lang='lat' dir='ltr'>ordine</span> <span class='ocrx_word' id='word_1_27' title='bbox 575 708 674 786; x_wconf 83' lang='lat' dir='ltr'>pinxit</span> <span class='ocrx_word' id='word_1_28' title='bbox 689 727 791 786; x_wconf 85' lang='lat' dir='ltr'>aquas.</span> 
     </span>
    </p>

    <p class='ocr_par' dir='ltr' id='par_1_5' title="bbox 137 790 941 954">
     <span class='ocr_line' id='line_1_7' title="bbox 137 790 941 868; baseline 0 -16"><span class='ocrx_word' id='word_1_29' title='bbox 137 792 271 852; x_wconf 78' lang='lat' dir='ltr'>Fuscina</span> <span class='ocrx_word' id='word_1_30' title='bbox 287 792 382 852; x_wconf 86' lang='lat' dir='ltr'>dente</span> <span class='ocrx_word' id='word_1_31' title='bbox 397 791 497 850; x_wconf 78' lang='lat' dir='ltr'>minax</span> <span class='ocrx_word' id='word_1_32' title='bbox 510 797 598 850; x_wconf 87' lang='lat' dir='ltr'>recto</span> <span class='ocrx_word' id='word_1_33' title='bbox 615 790 691 868; x_wconf 81' lang='lat' dir='ltr'>luit,</span> <span class='ocrx_word' id='word_1_34' title='bbox 705 811 817 852; x_wconf 90' lang='lat' dir='ltr'>ancora</span> <span class='ocrx_word' id='word_1_35' title='bbox 831 812 941 856; x_wconf 83' lang='lat' dir='ltr'>curro:</span> 
     </span>
     <span class='ocr_line' id='line_1_8' title="bbox 182 872 903 954; baseline 0.001 -19"><span class='ocrx_word' id='word_1_36' title='bbox 182 875 378 936; x_wconf 78' lang='lat' dir='ltr'>Credidimus</span> <span class='ocrx_word' id='word_1_37' title='bbox 392 894 510 934; x_wconf 90' lang='lat' dir='ltr'>remum</span> <span class='ocrx_word' id='word_1_38' title='bbox 526 872 776 954; x_wconf 87' lang='lat' dir='ltr'>eredidimnsque</span> <span class='ocrx_word' id='word_1_39' title='bbox 788 882 903 954; x_wconf 78' lang='lat' dir='ltr'>ratem,</span> 
     </span>
    </p>

    <p class='ocr_par' dir='ltr' id='par_1_6' title="bbox 115 954 829 1038">
     <span class='ocr_line' id='line_1_9' title="bbox 115 954 829 1038; baseline -0.003 -17"><span class='ocrx_word' id='word_1_40' title='bbox 115 961 181 1021; x_wconf 81' lang='lat' dir='ltr'>5Et</span> <span class='ocrx_word' id='word_1_41' title='bbox 195 967 314 1038; x_wconf 81' lang='lat' dir='ltr'>gratum</span> <span class='ocrx_word' id='word_1_42' title='bbox 328 959 428 1020; x_wconf 90' lang='lat' dir='ltr'>nantis</span> <span class='ocrx_word' id='word_1_43' title='bbox 443 957 526 1018; x_wconf 90' lang='lat' dir='ltr'>sidus</span> <span class='ocrx_word' id='word_1_44' title='bbox 539 957 661 1036; x_wconf 79' lang='lat' dir='ltr'>fulgere</span> <span class='ocrx_word' id='word_1_45' title='bbox 675 954 829 1019; x_wconf 90' lang='lat' dir='ltr'>Laconum</span> 
     </span>
    </p>

    <p class='ocr_par' dir='ltr' id='par_1_7' title="bbox 179 1039 803 1123">
     <span class='ocr_line' id='line_1_10' title="bbox 179 1039 803 1123; baseline 0.003 -22"><span class='ocrx_word' id='word_1_46' title='bbox 179 1044 316 1123; x_wconf 87' lang='lat' dir='ltr'>Lataqne</span> <span class='ocrx_word' id='word_1_47' title='bbox 327 1044 492 1123; x_wconf 82' lang='lat' dir='ltr'>perspicuo</span> <span class='ocrx_word' id='word_1_48' title='bbox 507 1039 576 1101; x_wconf 86' lang='lat' dir='ltr'>vela</span> <span class='ocrx_word' id='word_1_49' title='bbox 590 1047 710 1101; x_wconf 89' lang='lat' dir='ltr'>tumere</span> <span class='ocrx_word' id='word_1_50' title='bbox 726 1043 803 1103; x_wconf 87' lang='lat' dir='ltr'>sinu.</span> 
     </span>
    </p>

    <p class='ocr_par' dir='ltr' id='par_1_8' title="bbox 138 1125 869 1272">
     <span class='ocr_line' id='line_1_11' title="bbox 138 1125 869 1206; baseline -0.001 -19"><span class='ocrx_word' id='word_1_51' title='bbox 138 1128 214 1203; x_wconf 77' lang='lat' dir='ltr'>Quis</span> <span class='ocrx_word' id='word_1_52' title='bbox 229 1135 329 1189; x_wconf 87' lang='lat' dir='ltr'>tantas</span> <span class='ocrx_word' id='word_1_53' title='bbox 342 1125 470 1206; x_wconf 82' lang='lat' dir='ltr'>liquidis</span> <span class='ocrx_word' id='word_1_54' title='bbox 484 1132 567 1185; x_wconf 89' lang='lat' dir='ltr'>artes</span> <span class='ocrx_word' id='word_1_55' title='bbox 582 1125 700 1185; x_wconf 88' lang='lat' dir='ltr'>invenit</span> <span class='ocrx_word' id='word_1_56' title='bbox 712 1127 743 1186; x_wconf 93' lang='lat' dir='ltr'>in</span> <span class='ocrx_word' id='word_1_57' title='bbox 756 1125 869 1188; x_wconf 74' lang='lat' dir='ltr'>undis?</span> 
     </span>
     <span class='ocr_line' id='line_1_12' title="bbox 179 1208 853 1272; baseline -0.001 -1"><span class='ocrx_word' id='word_1_58' title='bbox 179 1213 241 1271; x_wconf 87' lang='lat' dir='ltr'>Aut</span> <span class='ocrx_word' id='word_1_59' title='bbox 257 1211 362 1271; x_wconf 89' lang='lat' dir='ltr'>docuit</span> <span class='ocrx_word' id='word_1_60' title='bbox 375 1211 459 1270; x_wconf 89' lang='lat' dir='ltr'>lusus</span> <span class='ocrx_word' id='word_1_61' title='bbox 475 1211 531 1269; x_wconf 89' lang='lat' dir='ltr'>hos</span> <span class='ocrx_word' id='word_1_62' title='bbox 546 1209 657 1269; x_wconf 83' lang='lat' dir='ltr'>&#39;rhetis</span> <span class='ocrx_word' id='word_1_63' title='bbox 672 1214 724 1269; x_wconf 90' lang='lat' dir='ltr'>ant</span> <span class='ocrx_word' id='word_1_64' title='bbox 737 1208 853 1272; x_wconf 81' lang='lat' dir='ltr'>didicit.</span> 
     </span>
    </p>
   </div>
   <div class='ocr_carea' id='block_1_5' title="bbox 514 1343 635 1403">
    <p class='ocr_par' dir='ltr' id='par_1_9' title="bbox 514 1343 635 1403">
     <span class='ocr_line' id='line_1_13' title="bbox 514 1343 635 1403; baseline -0.008 0"><span class='ocrx_word' id='word_1_65' title='bbox 514 1343 635 1403; x_wconf 86' lang='lat' dir='ltr'>XXVII.</span> 
     </span>
    </p>
   </div>
   <div class='ocr_carea' id='block_1_6' title="bbox 92 1454 1031 2460">
    <p class='ocr_par' dir='ltr' id='par_1_10' title="bbox 92 1454 1031 2460">
     <span class='ocr_line' id='line_1_14' title="bbox 137 1454 1031 1537; baseline 0.003 -22"><span class='ocrx_word' id='word_1_66' title='bbox 137 1454 266 1515; x_wconf 83' lang='lat' dir='ltr'>Saeculo</span> <span class='ocrx_word' id='word_1_67' title='bbox 278 1454 531 1534; x_wconf 69' lang='lat' dir='ltr'><strong>Carpophorum,</strong></span> <span class='ocrx_word' id='word_1_68' title='bbox 555 1455 687 1534; x_wconf 83' lang='lat' dir='ltr'>Caesar,</span> <span class='ocrx_word' id='word_1_69' title='bbox 709 1458 736 1516; x_wconf 89' lang='lat' dir='ltr'>si</span> <span class='ocrx_word' id='word_1_70' title='bbox 752 1457 855 1537; x_wconf 88' lang='lat' dir='ltr'>prisca</span> <span class='ocrx_word' id='word_1_71' title='bbox 869 1456 1031 1536; x_wconf 88' lang='lat' dir='ltr'>tulissent,</span> 
     </span>
     <span class='ocr_line' id='line_1_15' title="bbox 178 1535 853 1617; baseline -0.001 -17"><span class='ocrx_word' id='word_1_72' title='bbox 178 1535 252 1600; x_wconf 83' lang='lat' dir='ltr'>Non</span> <span class='ocrx_word' id='word_1_73' title='bbox 267 1537 367 1600; x_wconf 86' lang='lat' dir='ltr'>oleret</span> <span class='ocrx_word' id='word_1_74' title='bbox 381 1556 494 1599; x_wconf 76' lang='lat' dir='ltr'>saevas</span> <span class='ocrx_word' id='word_1_75' title='bbox 508 1538 640 1598; x_wconf 84' lang='lat' dir='ltr'>barbara</span> <span class='ocrx_word' id='word_1_76' title='bbox 653 1545 738 1599; x_wconf 92' lang='lat' dir='ltr'>terra</span> <span class='ocrx_word' id='word_1_77' title='bbox 752 1540 853 1617; x_wconf 84' lang='lat' dir='ltr'>feras,</span> 
     </span>
     <span class='ocr_line' id='line_1_16' title="bbox 136 1621 979 1703; baseline 0 -19"><span class='ocrx_word' id='word_1_78' title='bbox 136 1625 204 1684; x_wconf 91' lang='lat' dir='ltr'>Non</span> <span class='ocrx_word' id='word_1_79' title='bbox 219 1623 384 1684; x_wconf 74' lang='lat' dir='ltr'><strong>Marathon</strong></span> <span class='ocrx_word' id='word_1_80' title='bbox 398 1628 534 1700; x_wconf 82' lang='lat' dir='ltr'>taurum,</span> <span class='ocrx_word' id='word_1_81' title='bbox 551 1621 668 1683; x_wconf 87' lang='lat' dir='ltr'>Nemee</span> <span class='ocrx_word' id='word_1_82' title='bbox 679 1623 826 1684; x_wconf 84' lang='lat' dir='ltr'>frondosa</span> <span class='ocrx_word' id='word_1_83' title='bbox 839 1623 979 1703; x_wconf 90' lang='lat' dir='ltr'>leonem,</span> 
     </span>
     <span class='ocr_line' id='line_1_17' title="bbox 177 1704 851 1788; baseline 0.004 -21"><span class='ocrx_word' id='word_1_84' title='bbox 177 1708 274 1768; x_wconf 82' lang='lat' dir='ltr'>Arcas</span> <span class='ocrx_word' id='word_1_85' title='bbox 289 1704 476 1766; x_wconf 87' lang='lat' dir='ltr'>Maenalium</span> <span class='ocrx_word' id='word_1_86' title='bbox 490 1725 553 1767; x_wconf 89' lang='lat' dir='ltr'>non</span> <span class='ocrx_word' id='word_1_87' title='bbox 567 1707 722 1767; x_wconf 79' lang='lat' dir='ltr'>timuisset</span> <span class='ocrx_word' id='word_1_88' title='bbox 736 1728 851 1788; x_wconf 90' lang='lat' dir='ltr'>aprum.</span> 
     </span>
     <span class='ocr_line' id='line_1_18' title="bbox 112 1788 909 1870; baseline -0.001 -17"><span class='ocrx_word' id='word_1_89' title='bbox 112 1791 207 1854; x_wconf 83' lang='lat' dir='ltr'>5Hoc</span> <span class='ocrx_word' id='word_1_90' title='bbox 220 1795 357 1851; x_wconf 88' lang='lat' dir='ltr'>armante</span> <span class='ocrx_word' id='word_1_91' title='bbox 371 1809 476 1850; x_wconf 86' lang='lat' dir='ltr'>manus</span> <span class='ocrx_word' id='word_1_92' title='bbox 488 1788 606 1870; x_wconf 83' lang='lat' dir='ltr'>hydrae</span> <span class='ocrx_word' id='word_1_93' title='bbox 617 1811 700 1851; x_wconf 89' lang='lat' dir='ltr'>mors</span> <span class='ocrx_word' id='word_1_94' title='bbox 713 1811 772 1851; x_wconf 90' lang='lat' dir='ltr'>una</span> <span class='ocrx_word' id='word_1_95' title='bbox 782 1793 909 1870; x_wconf 87' lang='lat' dir='ltr'>luisset,</span> 
     </span>
     <span class='ocr_line' id='line_1_19' title="bbox 176 1874 888 1955; baseline 0.004 -20"><span class='ocrx_word' id='word_1_96' title='bbox 176 1875 258 1935; x_wconf 83' lang='lat' dir='ltr'>Huic</span> <span class='ocrx_word' id='word_1_97' title='bbox 272 1893 419 1955; x_wconf 90' lang='lat' dir='ltr'>percussa</span> <span class='ocrx_word' id='word_1_98' title='bbox 429 1874 513 1934; x_wconf 81' lang='lat' dir='ltr'>foret</span> <span class='ocrx_word' id='word_1_99' title='bbox 527 1879 594 1934; x_wconf 84' lang='lat' dir='ltr'>toto</span> <span class='ocrx_word' id='word_1_100' title='bbox 609 1877 772 1936; x_wconf 81' lang='lat' dir='ltr'>Chimaera</span> <span class='ocrx_word' id='word_1_101' title='bbox 784 1876 888 1938; x_wconf 87' lang='lat' dir='ltr'>semel.</span> 
     </span>
     <span class='ocr_line' id='line_1_20' title="bbox 134 1957 918 2039; baseline 0 -19"><span class='ocrx_word' id='word_1_102' title='bbox 134 1958 286 2038; x_wconf 82' lang='lat' dir='ltr'>lgniferos</span> <span class='ocrx_word' id='word_1_103' title='bbox 298 1958 398 2039; x_wconf 88' lang='lat' dir='ltr'>possit</span> <span class='ocrx_word' id='word_1_104' title='bbox 411 1959 478 2018; x_wconf 88' lang='lat' dir='ltr'>sine</span> <span class='ocrx_word' id='word_1_105' title='bbox 493 1957 644 2019; x_wconf 82' lang='lat' dir='ltr'>Colchide</span> <span class='ocrx_word' id='word_1_106' title='bbox 657 1960 785 2038; x_wconf 82' lang='lat' dir='ltr'>iungere</span> <span class='ocrx_word' id='word_1_107' title='bbox 798 1968 918 2036; x_wconf 84' lang='lat' dir='ltr'>tauros,</span> 
     </span>
     <span class='ocr_line' id='line_1_21' title="bbox 176 2043 895 2125; baseline 0.007 -23"><span class='ocrx_word' id='word_1_108' title='bbox 176 2043 282 2104; x_wconf 89' lang='lat' dir='ltr'>Possit</span> <span class='ocrx_word' id='word_1_109' title='bbox 295 2049 457 2120; x_wconf 83' lang='lat' dir='ltr'>utramque</span> <span class='ocrx_word' id='word_1_110' title='bbox 472 2043 569 2103; x_wconf 82' lang='lat' dir='ltr'>feram</span> <span class='ocrx_word' id='word_1_111' title='bbox 583 2045 708 2105; x_wconf 87' lang='lat' dir='ltr'>vincere</span> <span class='ocrx_word' id='word_1_112' title='bbox 721 2045 895 2125; x_wconf 76' lang='lat' dir='ltr'>Pasiphaes.</span> 
     </span>
     <span class='ocr_line' id='line_1_22' title="bbox 134 2126 915 2209; baseline -0.001 -21"><span class='ocrx_word' id='word_1_113' title='bbox 134 2127 168 2188; x_wconf 93' lang='lat' dir='ltr'>Si</span> <span class='ocrx_word' id='word_1_114' title='bbox 183 2129 242 2206; x_wconf 91' lang='lat' dir='ltr'>sit,</span> <span class='ocrx_word' id='word_1_115' title='bbox 262 2132 298 2188; x_wconf 88' lang='lat' dir='ltr'>ut</span> <span class='ocrx_word' id='word_1_116' title='bbox 310 2128 458 2205; x_wconf 84' lang='lat' dir='ltr'>aequorei</span> <span class='ocrx_word' id='word_1_117' title='bbox 474 2134 638 2188; x_wconf 86' lang='lat' dir='ltr'>revocetur</span> <span class='ocrx_word' id='word_1_118' title='bbox 651 2126 755 2209; x_wconf 74' lang='lat' dir='ltr'>fabulp</span> <span class='ocrx_word' id='word_1_119' title='bbox 770 2130 915 2205; x_wconf 87' lang='lat' dir='ltr'>monstri,</span> 
     </span>
     <span class='ocr_line' id='line_1_23' title="bbox 92 2209 834 2274; baseline 0 0"><span class='ocrx_word' id='word_1_120' title='bbox 92 2224 127 2274; x_wconf 82' lang='lat'>10</span> <span class='ocrx_word' id='word_1_121' title='bbox 174 2212 335 2272; x_wconf 82' lang='lat' dir='ltr'>Hesionen</span> <span class='ocrx_word' id='word_1_122' title='bbox 348 2209 449 2270; x_wconf 89' lang='lat' dir='ltr'>solvet</span> <span class='ocrx_word' id='word_1_123' title='bbox 461 2210 544 2271; x_wconf 88' lang='lat' dir='ltr'>solus</span> <span class='ocrx_word' id='word_1_124' title='bbox 559 2218 591 2271; x_wconf 88' lang='lat' dir='ltr'>et</span> <span class='ocrx_word' id='word_1_125' title='bbox 605 2211 834 2274; x_wconf 83' lang='lat' dir='ltr'>Andromedan.</span> 
     </span>
     <span class='ocr_line' id='line_1_24' title="bbox 134 2293 897 2376; baseline 0 -20"><span class='ocrx_word' id='word_1_126' title='bbox 134 2296 309 2357; x_wconf 78' lang='lat' dir='ltr'>Herculeae</span> <span class='ocrx_word' id='word_1_127' title='bbox 320 2293 421 2354; x_wconf 87' lang='lat' dir='ltr'>laudis</span> <span class='ocrx_word' id='word_1_128' title='bbox 432 2302 614 2354; x_wconf 86' lang='lat' dir='ltr'>numeretur</span> <span class='ocrx_word' id='word_1_129' title='bbox 629 2295 742 2373; x_wconf 82' lang='lat' dir='ltr'>gloria:</span> <span class='ocrx_word' id='word_1_130' title='bbox 763 2296 832 2376; x_wconf 89' lang='lat' dir='ltr'>plns</span> <span class='ocrx_word' id='word_1_131' title='bbox 849 2303 897 2356; x_wconf 89' lang='lat' dir='ltr'>est</span> 
     </span>
     <span class='ocr_line' id='line_1_25' title="bbox 174 2378 803 2460; baseline 0 -21"><span class='ocrx_word' id='word_1_132' title='bbox 174 2380 228 2439; x_wconf 88' lang='lat' dir='ltr'>Bis</span> <span class='ocrx_word' id='word_1_133' title='bbox 242 2379 336 2439; x_wconf 88' lang='lat' dir='ltr'>denas</span> <span class='ocrx_word' id='word_1_134' title='bbox 350 2380 468 2459; x_wconf 89' lang='lat' dir='ltr'>pariter</span> <span class='ocrx_word' id='word_1_135' title='bbox 482 2378 696 2460; x_wconf 86' lang='lat' dir='ltr'>perdomuisse</span> <span class='ocrx_word' id='word_1_136' title='bbox 711 2379 803 2440; x_wconf 89' lang='lat' dir='ltr'>feras.</span> 
     </span>
    </p>
   </div>
   <div class='ocr_carea' id='block_1_7' title="bbox 497 2513 632 2574">
    <p class='ocr_par' dir='ltr' id='par_1_11' title="bbox 497 2513 632 2574">
     <span class='ocr_line' id='line_1_26' title="bbox 497 2513 632 2574; baseline -0.03 -1"><span class='ocrx_word' id='word_1_137' title='bbox 497 2513 632 2574; x_wconf 82' lang='lat' dir='ltr'>xxvssr.</span> 
     </span>
    </p>
   </div>
   <div class='ocr_carea' id='block_1_8' title="bbox 93 2623 1003 3463">
    <p class='ocr_par' dir='ltr' id='par_1_12' title="bbox 93 2623 1003 3463">
     <span class='ocr_line' id='line_1_27' title="bbox 132 2623 883 2706; baseline -0.001 -18"><span class='ocrx_word' id='word_1_138' title='bbox 132 2628 263 2706; x_wconf 82' lang='lat' dir='ltr'>Augusti</span> <span class='ocrx_word' id='word_1_139' title='bbox 278 2623 367 2686; x_wconf 88' lang='lat' dir='ltr'>labor</span> <span class='ocrx_word' id='word_1_140' title='bbox 379 2627 430 2685; x_wconf 89' lang='lat' dir='ltr'>hic</span> <span class='ocrx_word' id='word_1_141' title='bbox 443 2627 547 2687; x_wconf 85' lang='lat' dir='ltr'>fuerat</span> <span class='ocrx_word' id='word_1_142' title='bbox 561 2628 754 2688; x_wconf 87' lang='lat' dir='ltr'>committere</span> <span class='ocrx_word' id='word_1_143' title='bbox 768 2626 883 2688; x_wconf 81' lang='lat' dir='ltr'>classes</span> 
     </span>
     <span class='ocr_line' id='line_1_28' title="bbox 143 2709 697 2788; baseline -0.004 -16"><span class='ocrx_word' id='word_1_144' title='bbox 143 2783 146 2788; x_wconf 28' lang='grc' dir='ltr'>Ι</span> <span class='ocrx_word' id='word_1_145' title='bbox 174 2711 217 2772; x_wconf 82' lang='lat' dir='ltr'>Et</span> <span class='ocrx_word' id='word_1_146' title='bbox 227 2710 309 2770; x_wconf 76' lang='lat' dir='ltr'>treta</span> <span class='ocrx_word' id='word_1_147' title='bbox 320 2709 419 2770; x_wconf 82' lang='lat' dir='ltr'>navali</span> <span class='ocrx_word' id='word_1_148' title='bbox 431 2709 600 2772; x_wconf 88' lang='lat' dir='ltr'>sollicitare</span> <span class='ocrx_word' id='word_1_149' title='bbox 614 2713 697 2776; x_wconf 90' lang='lat' dir='ltr'>tuba.</span> 
     </span>
     <span class='ocr_line' id='line_1_29' title="bbox 134 2795 1003 2875; baseline 0.005 -20"><span class='ocrx_word' id='word_1_150' title='bbox 134 2795 275 2856; x_wconf 80' lang='lat' dir='ltr'>Caesaris</span> <span class='ocrx_word' id='word_1_151' title='bbox 291 2796 369 2854; x_wconf 86' lang='lat' dir='ltr'>haee</span> <span class='ocrx_word' id='word_1_152' title='bbox 381 2798 479 2855; x_wconf 88' lang='lat' dir='ltr'>nostri</span> <span class='ocrx_word' id='word_1_153' title='bbox 494 2814 565 2875; x_wconf 87' lang='lat' dir='ltr'>pars</span> <span class='ocrx_word' id='word_1_154' title='bbox 581 2802 630 2854; x_wconf 90' lang='lat' dir='ltr'>est</span> <span class='ocrx_word' id='word_1_155' title='bbox 642 2795 758 2875; x_wconf 76' lang='lat' dir='ltr'>quota?</span> <span class='ocrx_word' id='word_1_156' title='bbox 773 2795 850 2855; x_wconf 84' lang='lat' dir='ltr'>vidit</span> <span class='ocrx_word' id='word_1_157' title='bbox 865 2798 896 2856; x_wconf 92' lang='lat' dir='ltr'>in</span> <span class='ocrx_word' id='word_1_158' title='bbox 912 2796 1003 2859; x_wconf 85' lang='lat' dir='ltr'>undis</span> 
     </span>
     <span class='ocr_line' id='line_1_30' title="bbox 173 2877 778 2958; baseline 0.002 -19"><span class='ocrx_word' id='word_1_159' title='bbox 173 2879 216 2939; x_wconf 80' lang='lat' dir='ltr'>nt</span> <span class='ocrx_word' id='word_1_160' title='bbox 230 2878 342 2938; x_wconf 80' lang='lat' dir='ltr'>&#39;l&#39;lretis</span> <span class='ocrx_word' id='word_1_161' title='bbox 357 2879 477 2958; x_wconf 81' lang='lat' dir='ltr'>ignotas</span> <span class='ocrx_word' id='word_1_162' title='bbox 490 2885 524 2939; x_wconf 90' lang='lat' dir='ltr'>et</span> <span class='ocrx_word' id='word_1_163' title='bbox 536 2877 663 2939; x_wconf 76' lang='lat' dir='ltr'>Galatea</span> <span class='ocrx_word' id='word_1_164' title='bbox 676 2879 778 2954; x_wconf 81' lang='lat' dir='ltr'>ieras3</span> 
     </span>
     <span class='ocr_line' id='line_1_31' title="bbox 110 2962 876 3043; baseline 0.003 -17"><span class='ocrx_word' id='word_1_165' title='bbox 110 2962 222 3026; x_wconf 79' lang='lat' dir='ltr'>ovidio</span> <span class='ocrx_word' id='word_1_166' title='bbox 238 2964 270 3022; x_wconf 91' lang='lat' dir='ltr'>in</span> <span class='ocrx_word' id='word_1_167' title='bbox 283 2981 437 3041; x_wconf 91' lang='lat' dir='ltr'>aequoreo</span> <span class='ocrx_word' id='word_1_168' title='bbox 451 2963 609 3024; x_wconf 83' lang='lat' dir='ltr'>ferventes</span> <span class='ocrx_word' id='word_1_169' title='bbox 624 2962 752 3043; x_wconf 88' lang='lat' dir='ltr'>pulvere</span> <span class='ocrx_word' id='word_1_170' title='bbox 768 2983 876 3028; x_wconf 74' lang='lat' dir='ltr'>currus</span> 
     </span>
     <span class='ocr_line' id='line_1_32' title="bbox 172 3045 837 3126; baseline -0.002 -19"><span class='ocrx_word' id='word_1_171' title='bbox 172 3047 214 3108; x_wconf 76' lang='lat' dir='ltr'>nt</span> <span class='ocrx_word' id='word_1_172' title='bbox 230 3045 347 3106; x_wconf 88' lang='lat' dir='ltr'>domini</span> <span class='ocrx_word' id='word_1_173' title='bbox 362 3046 474 3106; x_wconf 84' lang='lat' dir='ltr'>Triton</span> <span class='ocrx_word' id='word_1_174' title='bbox 488 3048 549 3107; x_wconf 85' lang='lat' dir='ltr'>isse</span> <span class='ocrx_word' id='word_1_175' title='bbox 560 3048 678 3126; x_wconf 81' lang='lat' dir='ltr'>putavit</span> <span class='ocrx_word' id='word_1_176' title='bbox 692 3066 803 3126; x_wconf 89' lang='lat' dir='ltr'>equos:</span> <span class='ocrx_word' id='word_1_177' title='bbox 834 3093 837 3100; x_wconf 86' lang='lat'><em>.</em></span> 
     </span>
     <span class='ocr_line' id='line_1_33' title="bbox 132 3130 985 3212; baseline 0.004 -22"><span class='ocrx_word' id='word_1_178' title='bbox 132 3131 272 3209; x_wconf 84' lang='lat' dir='ltr'>Dumque</span> <span class='ocrx_word' id='word_1_179' title='bbox 286 3137 375 3210; x_wconf 92' lang='lat' dir='ltr'>parat</span> <span class='ocrx_word' id='word_1_180' title='bbox 390 3131 487 3191; x_wconf 76' lang='lat' dir='ltr'>scaevi</span> <span class='ocrx_word' id='word_1_181' title='bbox 502 3133 619 3190; x_wconf 88' lang='lat' dir='ltr'>ratibus</span> <span class='ocrx_word' id='word_1_182' title='bbox 634 3131 701 3190; x_wconf 80' lang='lat' dir='ltr'>iera</span> <span class='ocrx_word' id='word_1_183' title='bbox 716 3130 834 3212; x_wconf 91' lang='lat' dir='ltr'>praelia</span> <span class='ocrx_word' id='word_1_184' title='bbox 848 3131 985 3212; x_wconf 84' lang='lat' dir='ltr'>Nereus,</span> 
     </span>
     <span class='ocr_line' id='line_1_34' title="bbox 172 3214 827 3296; baseline 0 -20"><span class='ocrx_word' id='word_1_185' title='bbox 172 3216 307 3276; x_wconf 90' lang='lat' dir='ltr'>Horruit</span> <span class='ocrx_word' id='word_1_186' title='bbox 320 3216 353 3274; x_wconf 87' lang='lat' dir='ltr'>in</span> <span class='ocrx_word' id='word_1_187' title='bbox 367 3214 493 3294; x_wconf 85' lang='lat' dir='ltr'>liquidis</span> <span class='ocrx_word' id='word_1_188' title='bbox 506 3216 555 3276; x_wconf 90' lang='lat' dir='ltr'>ire</span> <span class='ocrx_word' id='word_1_189' title='bbox 568 3214 717 3296; x_wconf 84' lang='lat' dir='ltr'>pedester</span> <span class='ocrx_word' id='word_1_190' title='bbox 732 3219 827 3293; x_wconf 87' lang='lat' dir='ltr'>aquis.</span> 
     </span>
     <span class='ocr_line' id='line_1_35' title="bbox 132 3297 979 3380; baseline 0 -20"><span class='ocrx_word' id='word_1_191' title='bbox 132 3297 292 3378; x_wconf 83' lang='lat' dir='ltr'>Quidquid</span> <span class='ocrx_word' id='word_1_192' title='bbox 306 3301 383 3359; x_wconf 87' lang='lat' dir='ltr'>etin</span> <span class='ocrx_word' id='word_1_193' title='bbox 400 3300 491 3359; x_wconf 80' lang='lat' dir='ltr'>Circo</span> <span class='ocrx_word' id='word_1_194' title='bbox 506 3306 664 3379; x_wconf 88' lang='lat' dir='ltr'>spectatur</span> <span class='ocrx_word' id='word_1_195' title='bbox 680 3306 713 3359; x_wconf 88' lang='lat' dir='ltr'>ct</span> <span class='ocrx_word' id='word_1_196' title='bbox 727 3300 979 3380; x_wconf 81' lang='lat' dir='ltr'>Amphitheatro,</span> 
     </span>
     <span class='ocr_line' id='line_1_36' title="bbox 93 3382 802 3463; baseline -0.001 -20"><span class='ocrx_word' id='word_1_197' title='bbox 93 3393 123 3444; x_wconf 82' lang='grc' dir='ltr'>ιο</span> <span class='ocrx_word' id='word_1_198' title='bbox 170 3383 265 3443; x_wconf 85' lang='lat' dir='ltr'>Dives</span> <span class='ocrx_word' id='word_1_199' title='bbox 283 3383 434 3443; x_wconf 85' lang='lat' dir='ltr'>Caesarea</span> <span class='ocrx_word' id='word_1_200' title='bbox 447 3385 605 3463; x_wconf 88' lang='lat' dir='ltr'>praestitit</span> <span class='ocrx_word' id='word_1_201' title='bbox 619 3382 699 3443; x_wconf 91' lang='lat' dir='ltr'>unda</span> <span class='ocrx_word' id='word_1_202' title='bbox 714 3385 802 3447; x_wconf 76' lang='lat' dir='ltr'>noi.·</span> 
     </span>
    </p>
   </div>
   <div class='ocr_carea' id='block_1_9' title="bbox 0 0 1242 3906">
    <p class='ocr_par' dir='ltr' id='par_1_13' title="bbox 0 0 1242 3906">
     <span class='ocr_line' id='line_1_37' title="bbox 0 0 1242 3906; baseline 0 0"><span class='ocrx_word' id='word_1_203' title='bbox 0 0 1242 3906; x_wconf 95' lang='lat' dir='ltr'> </span> 
     </span>
    </p>
   </div>
  </div>
 </body>
</html>
