2426 3900
359 231 698 292 EPlGllAMMA'l'ON
712 234 785 295 Llli.
803 235 824 295 l.
1069 235 1111 299 1⁹

132 377 223 438 aNon
239 382 367 455 possunt
382 377 448 436 sine
461 376 597 437 mentula
613 376 748 459 placere.

153 459 236 536 Quiri
250 461 276 518 si
290 478 339 519 me
353 462 460 520 iubeas
473 461 669 520 talassionem

152 545 268 607 Verbis
281 541 388 603 dicere
402 563 464 603 non
478 543 675 604 talassionis‘i

153 628 229 703 Quis
243 625 382 687 Floralia
397 629 491 686 vestit
505 635 538 687 et
551 627 696 689 stolatum

151 711 311 770 Permittit
324 712 542 770 meretricibus
556 710 731 790 pudorem?

109 795 217 858 loLex
230 794 306 854 haec
321 795 506 855 carminibus
521 793 592 854 data
606 802 654 854 est
669 798 795 876 iocosis,

152 879 199 939 Ne
215 878 350 958 possint,
373 879 432 937 nisi
447 880 606 958 pruriant,
627 881 740 940 iuvare.

127 1019 130 1026 .
153 962 256 1038 Quare
272 961 599 1042 deposita·severitate

151 1046 265 1105 Parcas
278 1044 396 1105 lusibus
412 1051 444 1105 et
457 1046 535 1104 iocis
551 1064 708 1122 rogamus,

151 1130 216 1189 Nec
233 1137 368 1189 castrare
385 1127 461 1188 velis
477 1147 561 1188 meos
576 1126 709 1188 libellos.

109 1225 143 1278 15
151 1212 240 1274 Gallo
256 1216 376 1293 turpius
390 1211 531 1272 estnihil
546 1213 668 1292 Priapo.

522 1361 659 1424 XXXVl.

153 1491 204 1568 Si,
227 1488 367 1565 Lucane,
388 1489 444 1548 tibi
459 1487 510 1548 vel
524 1490 551 1548 si
564 1491 640 1568 tibi,
663 1490 775 1570 Tulle,
797 1490 946 1552 darentur

195 1570 303 1648 Qualia
318 1571 435 1632 Ledaei
449 1573 512 1632 fata
527 1572 665 1634 Lacones
679 1576 811 1653 babent,

151 1654 273 1717 Nobilis
286 1657 363 1716 baec
379 1663 463 1715 esset
476 1656 602 1737 pietatis
616 1659 682 1718 rixa
696 1658 832 1736 duobus,

194 1739 285 1816 Quod
297 1760 355 1819 pro
372 1741 471 1799 fratre
486 1741 564 1799 mori
579 1741 675 1801 vellet
688 1749 820 1822 aterque
836 1743 938 1821 prior,

130 1825 284 1887 alliceret
297 1823 435 1883 infernas
450 1829 483 1883 et
497 1825 549 1902 qui
561 1827 649 1904 prior
666 1828 743 1888 isset
758 1825 796 1886 ad
809 1827 947 1885 umbras:

194 1908 294 1987 „Vive
308 1914 379 1986 tuo,
401 1908 514 1986 trater,
533 1914 691 1990 tempore,
713 1913 780 1970 vive
795 1910 896 1972 meo.“

518 2055 669 2118 XXXVll.

159 2170 289 2234 Ventris
304 2186 380 2227 onus
394 2169 524 2246 misero,
545 2187 604 2228 nec
618 2175 650 2229 te
664 2169 778 2251 pudet,
801 2171 916 2251 excipis
932 2185 1022 2245 auro,

196 2255 306 2328 Basse,
327 2251 407 2311 bibis
421 2251 517 2312 vitro:
540 2253 640 2311 carius
654 2271 729 2331 ergo
745 2273 840 2313 cacas.

513 2396 677 2461 XXXVlll.

154 2528 252 2602 Quem
268 2527 381 2586 recitas
393 2543 479 2584 mens
494 2526 559 2602 est,
577 2545 595 2584 o
609 2523 793 2603 Fidentine,
813 2522 955 2586 libellus:

197 2609 261 2670 Sed
276 2608 356 2669 male
371 2628 438 2668 cum
455 2609 585 2684 recitas,
606 2610 716 2689 incipit
731 2627 799 2671 esse
813 2615 893 2669 tuns.

521 2757 658 2818 XXXIX.

154 2872 188 2932 Si
203 2873 271 2951 quis
286 2875 348 2932 erit
362 2891 448 2932 raros
466 2873 549 2931 inter
564 2869 770 2930 numerandus
785 2871 913 2950 amicos,

196 2954 310 3032 Quales
325 2957 427 3036 prisca
443 2955 521 3016 fides
535 2955 676 3032 famaque
692 2955 778 3014 novit
792 2973 882 3031 anus,

151 3039 186 3100 Si
201 3041 269 3118 quis
283 3039 452 3120 Cecropiae
466 3037 605 3098 madidus
618 3038 785 3117 Latiaeque
797 3038 956 3098 Minervae

193 3125 322 3184 Artibus
337 3131 370 3184 et
383 3143 457 3184 vera
470 3121 667 3202 simplicitate
684 3124 797 3199 bonus,
836 3193 838 3196 ¹

134 3207 194 3270 ssi
209 3209 278 3287 quis
293 3209 356 3268 erit
370 3209 450 3267 recti
465 3213 583 3284 custos,
605 3207 733 3266 mirator
749 3207 874 3265 bonesti

194 3292 236 3351 nt
253 3291 332 3352 nibil
345 3311 456 3352 arcano
470 3292 523 3370 qui
536 3296 628 3368 roget
644 3309 700 3350 ore
715 3289 807 3368 deos,

153 3376 188 3436 Si
204 3377 273 3454 quis
288 3377 349 3436 erit
364 3393 490 3454 magnae
506 3376 650 3434 subnixus
665 3377 779 3434 robore
793 3372 924 3435 mentis:

196 3460 391 3539 Dispeream,
417 3461 442 3520 si
457 3478 519 3518 non
532 3459 584 3518 hic
598 3458 752 3519 Decianus
765 3457 836 3517 erit.
858 3536 901 3576 m
