2500 3912
454 223 661 270 PRAEFATIO.
982 226 1046 274 xlx

71 372 131 422 auct.
144 380 175 419 ex
185 364 237 420 cod.
249 365 324 420 Vatie.
336 365 363 422 T.
376 365 422 431 ΙΙΙ,
432 381 457 436 p.
470 382 537 422 xvnr
554 367 715 439 insignissima
725 369 835 438 exempla
853 368 963 435 exhibet,
983 370 1046 424 eirca

70 463 117 502 sec.
132 447 163 502 ΙΙΙ
173 448 261 503 velVll
278 449 367 519 duplex
390 450 514 506 satirarum
531 451 639 505 recensio
656 451 786 518 exstiterit,
808 467 909 522 quarum
923 453 1046 507 alterumn

69 533 195 587 christiano
209 532 307 588 homine
324 539 396 604 atque
412 533 573 589 eeclesiastico
587 535 675 589 iactam
691 549 743 590 erse
754 536 881 590 manifesto
892 534 942 591 Sat.
955 535 1045 592 xiva

69 623 208 686 argumento
221 623 327 685 constat,
340 615 383 671 ubi
394 619 562 687 proheredum
571 617 695 674 bomoroeo
709 621 734 674 in
749 619 869 689 plerisque
879 619 945 673 libris
956 619 1046 690 legitur

68 699 213 756 rrmmlomet
228 715 326 774 raquo,
346 701 474 767 nimimm‚
492 701 555 772 quod
568 708 622 772 post
633 702 685 758 Nic.
696 701 830 774 Rigaltium
840 703 912 757 docte
923 702 1045 757 annotavit

68 783 94 836 l.
110 783 138 838 G.
151 784 271 839 Weberus
281 783 406 840 hnmani.
422 784 452 840 ad
463 784 543 840 loven.
556 784 627 842 Satir.
640 785 689 842 len.
701 791 777 845 1820.
795 788 826 850 8.
844 801 869 856 p.
882 790 932 852 37,
945 787 1044 838 σπῖλον

66 863 112 919 uui
122 859 229 937 ᾆυιίοα,
241 883 302 939 qnae
311 866 337 924 S.
347 866 416 924 Pauli
426 868 497 923 verba
508 869 538 924 nd
548 868 635 939 Ephos.
646 869 674 925 V.
685 873 719 929 27
731 885 762 923 ex
772 870 844 924 latina
853 869 959 924 eiusdem
971 870 1044 924 inter·

67 951 197 1020 pretatione
207 951 526 1008 memoriteradluvennlem
536 953 609 1008 homo
620 953 768 1008 semidoctus
777 953 912 1014 transtulit;
923 953 1044 1009 eiusdem·

66 1051 110 1105 que
120 1049 217 1090 manum
233 1051 276 1106 per
286 1050 371 1090 omnes
387 1035 458 1091 huius
471 1037 545 1091 libros
559 1038 587 1090 in
598 1036 660 1106 disp.
673 1036 704 1091 de
718 1035 841 1090 codicibus
851 1036 968 1091 luvenalis
978 1040 1044 1089 recte

66 1119 226 1174 existimandis
235 1117 302 1175 Leet.
315 1119 381 1175 Gott.
392 1127 450 1174 aest.
463 1122 531 1178 1847
543 1120 673 1190 praemissa
689 1125 727 1174 tot
737 1119 846 1174 locomm
862 1119 955 1174 indiciis
976 1133 1044 1172 coar·

65 1203 148 1272 gnisse
157 1203 214 1258 mihi
224 1202 319 1270 videor,
332 1210 359 1258 ut
370 1202 485 1273 plurimas
495 1203 717 1275 insignissimasque
728 1204 867 1270 varietates,
880 1201 965 1273 quibos
976 1201 1043 1257 codi-

64 1302 103 1340 ees
114 1286 189 1340 nostri
200 1287 262 1341 inter
272 1301 300 1341 se
310 1287 458 1356 discrepant,
471 1301 519 1342 non
529 1288 559 1343 ad
570 1287 681 1344 fortuitos
691 1287 820 1342 verborum
830 1287 986 1356 corruptelas,
999 1285 1042 1340 sed

64 1370 91 1423 ad
109 1369 266 1426 deliberatam
288 1377 374 1441 poetae
391 1371 598 1441 interpolationem
611 1373 700 1426 referre
717 1372 795 1426 liceat.
826 1375 860 1426 Ao
870 1370 918 1425 dno
930 1371 1042 1426 codicum

64 1468 157 1524 genem,
168 1469 275 1526 quorum
285 1455 386 1510 alterum
397 1455 519 1526 integrum
530 1456 580 1511 lere
589 1457 642 1511 solo
652 1455 784 1510 Pithoeano
795 1461 920 1518 comatur,
939 1454 1040 1508 alterum

63 1545 199 1608 cormptum
210 1537 316 1608 reliquos
327 1553 403 1608 paene
421 1553 505 1594 omnes
520 1539 718 1610 comprehendat,
735 1539 784 1594 inm
795 1537 823 1596 0.
836 1538 933 1593 Iahnius
944 1537 973 1592 ad
984 1537 1041 1592 Per-

62 1622 119 1675 sium
130 1637 154 1692 p.
168 1637 255 1676 cxxvi
267 1621 389 1678 luculento
401 1621 451 1679 Sat.
467 1622 549 1682 litor
561 1623 670 1694 exemplo
682 1623 802 1685 distinctim
814 1623 879 1678 idem
888 1636 945 1676 vero
957 1620 1041 1676 discri-

63 1721 113 1759 men
127 1721 171 1776 per
181 1705 300 1776 plurimas
309 1706 460 1778 singularum
477 1707 603 1762 satirarum
618 1708 734 1763 lectiones
750 1708 920 1778 investigatum
931 1719 1005 1776 quum
1016 1705 1041 1758 in

63 1789 97 1841 illa
105 1789 270 1860 disputatione
280 1789 311 1844 ad
320 1803 450 1861 eamquam
462 1789 510 1846 diri
521 1791 729 1862 interpolationem
739 1792 856 1857 revocavi,
869 1789 956 1844 lumin
967 1789 1042 1843 altera

62 1873 88 1926 de
98 1872 253 1930 Scholiorum
263 1873 294 1929 ad
303 1872 438 1929 Iuvenalem
450 1889 539 1946 genere
551 1875 669 1930 deteriore
679 1875 811 1931 indicendis
821 1874 888 1929 Lect,
901 1879 959 1927 aest.
971 1875 1041 1950 1849

62 1958 144 2026 scripta
160 1974 190 2013 eo
205 1972 285 2029 usque
296 1967 513 2028 persecuturum,
529 1965 558 2014 ut
568 1960 725 2030 interpretum
740 1974 836 2031 quoque
852 1957 925 2012 medii
943 1956 993 2010 aevi
1005 1955 1041 2009 in·

62 2042 142 2108 nptias.
160 2057 266 2113 quarum
283 2047 308 2094 et
318 2040 414 2096 Iahnius
424 2042 481 2098 ibid.
502 2058 526 2113 p.
539 2059 603 2098 cxvi
619 2051 644 2098 et
654 2043 805 2114 Schopenius
820 2041 940 2112 inProgr.
954 2039 1039 2111 Gymn.

62 2124 188 2180 ltouneusis
201 2128 271 2183 1847
283 2125 414 2195 specimina
424 2141 438 2180 e
448 2126 646 2182 bibliothecarum
657 2127 754 2182 latebris
766 2128 943 2197 produxerunt,
955 2124 984 2178 ad
1000 2123 1041 2178 de-

63 2209 167 2264 teriorem
183 2209 254 2264 illam
273 2209 439 2264 recensionem
457 2216 567 2280 spectare
588 2209 923 2272 demonstraremromnibns
939 2207 1041 2276 denique

62 2293 186 2348 rationibus
202 2291 332 2348 subductis
348 2293 414 2348 velut
427 2293 546 2364 duplicem
562 2295 699 2350 Iuvenalem
710 2300 816 2349 statuere
827 2291 922 2352 licebit,
940 2289 1041 2342 alterum

62 2377 201 2444 genuinum,
220 2377 265 2430 sed
282 2377 351 2430 ouius
367 2377 444 2431 forma
459 2384 484 2431 et
500 2379 630 2432 auotoritas
647 2392 679 2430 cx
689 2391 736 2431 uno
747 2376 839 2439 codice,
852 2387 924 2444 quem
934 2386 982 2443 ego
993 2371 1041 2426 Bu-

61 2460 167 2524 «lemen,
179 2460 281 2514 lahnius
292 2459 450 2516 pithoeanum
461 2461 602 2532 appellavit,
615 2467 639 2515 et
649 2459 782 2531 antiquiore
793 2457 940 2516 scholiorum
950 2471 1042 2528 genere

61 2544 94 2595 vel
105 2543 237 2602 Pithoeano
255 2544 293 2598 vel
308 2542 459 2615 Sangallensi
477 2551 530 2600 tuto
551 2544 668 2617 cognosci
684 2543 771 2614 possit,
792 2543 894 2598 alterum
913 2541 1040 2610 multiplici

61 2628 141 2682 veteris
151 2627 299 2683 correctoris
310 2627 406 2683 licentia
416 2628 588 2694 deformatum,
610 2642 681 2701 quem
691 2634 772 2683 tamen
783 2625 856 2681 medii
868 2626 921 2680 aevi
929 2625 1040 2680 homines

62 2712 114 2764 nleo
124 2713 206 2768 solum
217 2720 393 2784 cognoverunt,
405 2718 433 2767 ut
443 2713 557 2784 quidquid
565 2713 677 2768 codicum
688 2719 781 2782 praeter
788 2725 863 2765 unnm
874 2709 942 2763 illum
952 2708 1040 2762 hahea-

62 2810 121 2858 mus,
134 2795 165 2851 ad
176 2796 251 2850 huius
261 2796 399 2866 exemplum
409 2797 555 2866 descriptum
566 2803 590 2852 et
601 2802 762 2868 propagatum
773 2810 826 2850 esse
841 2794 956 2849 rideatur.
987 2791 1040 2856 Qua

62 2878 82 2930 in
92 2881 211 2934 sententia
227 2895 276 2935 non
292 2879 340 2935 hoe
356 2879 424 2944 dico,
441 2881 545 2951 reliquos
557 2880 651 2936 codices
665 2886 690 2934 et
705 2880 770 2949 ipsos
779 2879 851 2934 unius
860 2882 954 2932 tautum
965 2877 1040 2930 instar

62 2975 108 3015 osse
118 2979 197 3036 neque
208 2963 272 3018 inter
282 2979 309 3018 se
320 2979 403 3019 mrsus
413 2964 496 3019 multis
513 2965 655 3036 magnisque
671 2963 825 3018 varietatibus
836 2961 946 3021 differre;
963 2960 1039 3014 immo

61 3044 140 3101 horum
151 3063 250 3118 quoque
268 3054 293 3102 et
303 3047 406 3102 familiae
417 3047 524 3104 bonitate
539 3049 608 3103 valde
625 3048 731 3103 diversae
748 3052 843 3101 exstant
860 3053 885 3099 et
900 3044 991 3114 singuli
1002 3044 1039 3098 in-

62 3130 149 3198 signem
160 3130 314 3186 librariorum
329 3131 452 3187 audaeiam
464 3133 555 3202 experti
570 3137 642 3197 sunt,
661 3131 729 3186 euius
744 3129 850 3186 notabile
866 3128 1038 3183 documentum

62 3211 258 3286 l'eesenmeycrus
269 3215 294 3270 in
302 3215 387 3287 ngr.
398 3213 582 3275 Ulmensi1793
592 3215 735 3286 publicavit;
747 3229 793 3269 nec
803 3212 909 3268 vicissim
920 3211 1038 3280 optimum

63 3299 165 3354 codicem
177 3299 303 3354 communi
315 3297 427 3355 omnbus
437 3299 626 3370 oonuptelarum
644 3299 682 3354 vel
699 3299 916 3354 additamentnrum
933 3293 987 3348 labe
997 3307 1038 3346 ca·

63 3394 108 3433 rere
123 3392 147 3436 et
163 3398 223 3438 mea
239 3383 381 3438 eleborum
398 3382 540 3439 emendandi
557 3383 683 3438 conamina
699 3382 774 3437 libere
784 3380 892 3450 professa
902 3385 973 3439 sunt3
992 3377 1038 3446 ipsi

63 3469 135 3520 boren
145 3467 291 3522 emendandi
301 3468 403 3538 negotio
415 3483 488 3537 quum
499 3467 559 3523 hacc
569 3473 663 3521 tantum
674 3467 740 3536 optio
753 3467 807 3519 dala
818 3463 864 3528 sit,
874 3467 955 3515 utrum
966 3458 996 3512 ab
1008 3473 1037 3512 eo

64 3545 170 3604 libromm
181 3564 272 3622 genere
282 3551 455 3621 proficiscatur,
472 3553 496 3606 in
508 3565 556 3622 qno
566 3563 696 3619 numquam
706 3563 755 3601 non
765 3544 941 3660 intezpolatoris
953 3553 1038 3594 oecur-

791 3629 808 3680 b
