2392 3888
282 178 622 242 EPIGRAMMATON
634 179 708 240 LlB.
724 178 801 241 Vlll.

355 341 360 350 ⁸
478 379 616 443 xxxix.

104 497 167 573 Qui
180 493 339 556 Palatinae
357 503 484 574 caperet
502 495 638 555 convivia
651 511 775 553 mensae

150 580 391 656 Ambrosiasque
407 579 517 658 dapes,
539 597 600 638 non
616 586 684 637 erat
699 584 770 638 ante
785 575 883 638 locus,

104 665 168 724 llic
184 665 309 723 haurire
325 662 419 722 decet
435 681 572 739 sacrum,
595 663 797 739 Germanice,
819 666 928 722 nectar

60 785 66 792 ·
149 748 193 808 Et
210 746 408 825 Ganymedea
421 745 532 827 pocula
545 747 637 806 mixta
652 765 751 805 mann.

79 832 187 894 §Esse
201 829 295 908 velis,
317 850 390 907 oro,
413 849 500 890 serus
519 831 642 890 conviva
658 830 825 888 Tonantis:
942 867 947 878 ·

148 916 191 975 At
206 921 238 974 tu
253 916 279 974 si
293 932 459 995 properas,
480 914 634 995 luppiter,
654 915 721 993 ipsc
738 913 817 972 veni.

515 1048 578 1108 XL.

103 1146 176 1208 Non
192 1146 293 1222 horti,
315 1164 417 1222 neque
432 1145 566 1227 palmitis
583 1147 682 1223 beati,

105 1228 172 1290 Sea
186 1231 250 1290 rari
263 1231 417 1308 nemoris,
439 1231 568 1310 Priape,
592 1237 712 1308 custos,

103 1316 154 1377 Ex
171 1333 230 1393 quo
246 1320 335 1373 natus
350 1332 385 1373 es
400 1320 434 1374 et
446 1322 537 1394 potes
554 1317 691 1391 renasci,

99 1399 263 1475 Furaces,
280 1416 410 1477 moneo,
430 1418 537 1458 manus
551 1396 689 1478 repellas

77 1484 150 1547 oEt
163 1481 269 1541 silvam
286 1481 402 1542 domiui
416 1482 494 1542 iocis
512 1500 664 1542 reserves.

102 1567 140 1626 Si
155 1565 310 1626 defecerit
323 1567 418 1644 haec,
438 1572 472 1625 ct
485 1568 553 1645 ipse
566 1565 683 1644 lignum
699 1583 742 1624 es.

507 1694 584 1754 XLI.

104 1792 223 1853 Tristis
238 1793 452 1872 Athenagoras
469 1812 531 1852 non
544 1796 628 1854 misit
642 1795 769 1852 munera
784 1795 890 1872 nobis,

151 1877 237 1954 Quae
254 1876 356 1937 medio
372 1879 497 1937 brumae
512 1879 638 1938 mittere
656 1895 761 1938 mense
777 1874 866 1936 solet.

102 1963 156 2022 An
170 1963 211 2021 sit
226 1962 440 2040 Athenagoras
454 1963 570 2038 tristis,
591 1961 755 2037 Faustina,
775 1960 904 2020 videbo:

148 2046 203 2107 Me
218 2051 305 2106 certe
319 2047 442 2106 tristem
456 2046 533 2105 fecit
546 2046 767 2124 Athenagoras.

500 2188 591 2250 XLll.
629 2180 632 2184 ’

106 2285 142 2345 Si
159 2291 192 2346 te
208 2284 350 2366 sportula
366 2289 465 2347 maior
482 2286 521 2346 ad
535 2288 643 2346 beatos

105 2369 178 2430 Non
193 2371 386 2450 corruperit,
407 2377 442 2430 ut
456 2371 553 2446 solet,
574 2370 684 2431 licebit

104 2455 155 2513 De
171 2460 296 2532 nostro,
319 2454 444 2533 Matho,
467 2456 607 2516 centiens
621 2453 745 2515 laveris.

492 2583 596 2644 XLlll.

106 2681 213 2743 Effert
224 2700 337 2742 uxores
350 2682 481 2760 Fabius,
503 2681 673 2743 Chrestilla
686 2681 829 2754 maritos,

152 2765 390 2844 Funereamque
407 2767 486 2825 toria
501 2773 625 2844 quaerat
638 2773 770 2842 uterque
785 2761 893 2820 facem.
911 2765 913 2769 ’

107 2850 256 2912 Victores
271 2851 446 2928 committe,
468 2850 592 2913 Venus:
615 2849 765 2928 quasiste
780 2845 915 2904 manebit

151 2934 277 3012 Exitus,
299 2953 359 2993 una
376 2934 452 2995 duos
468 2940 503 2992 ut
516 2934 652 2994 Libitina
665 2933 756 2992 ierat.

495 3060 602 3121 XLlV.

109 3159 249 3239 Titulle,
268 3180 396 3238 moneo,
416 3162 499 3221 vive:
523 3176 646 3238 semper
660 3158 719 3217 hoc
737 3176 840 3216 aarum
857 3161 916 3215 est.

111 3245 176 3306 Sub
191 3244 370 3327 paedagogo
386 3247 528 3325 coeperis
542 3243 635 3320 licet,
657 3259 760 3300 serum
776 3246 833 3301 eat.

110 3331 153 3390 At
166 3335 218 3408 tu,
238 3330 334 3390 miser
351 3328 488 3406 Titulle,
510 3348 568 3388 nec
585 3345 681 3386 senex
694 3324 787 3400 vivis,

110 3412 175 3474 Sed
192 3433 282 3476 omne
295 3413 392 3475 limen
407 3415 544 3476 conteris
559 3408 709 3472 salutator

946 177 1070 244 '185
