2474 3906
149 185 171 250 6

406 256 409 262 ,
470 188 514 250 Μ.
533 187 623 250 VAL.
642 190 868 252 MAR'I'IALIS

276 342 318 403 Et
332 307 424 422 suprd
438 348 538 402 vatem
556 341 653 402 multa
668 342 820 423 pependit
835 344 915 421 avis,

233 427 303 506 lpse
318 425 375 485 sed
389 427 510 504 ingrato
525 427 619 486 iacuit
632 425 786 487 laceratus
802 429 839 488 ub
854 447 935 488 urso.

276 510 362 570 Haec
375 517 495 587 tamen,
516 512 593 571 lisec
608 529 659 570 res
676 518 724 572 est
739 513 820 571 fucta
834 513 894 590 its,
916 511 990 573 dcta
1004 516 1107 596 prior.

601 647 689 724 xxi,
712 649 742 706 u.

235 759 360 840 Orphea
375 759 457 838 quod
472 761 574 820 subito
588 758 685 820 tellus
698 761 802 820 emisit
812 761 914 840 hiatu,

276 845 396 908 Versu·
405 845 688 904 mtrumur‘I-ueuit
701 846 738 904 alr
753 845 919 925 Eurydice.

625 958 719 1019 XXII.

233 1056 409 1118 Sollicituut
424 1056 526 1138 paridi
541 1055 613 1116 dum
628 1057 827 1117 rhInocerotu
840 1058 979 1136 magistri

276 1142 380 1221 Seque
395 1141 448 1202 diu
462 1160 589 1220 maguae
605 1139 726 1219 colligit
739 1143 787 1200 irs
800 1141 906 1217 ferae,

233 1226 485 1304 Desperubuutur
500 1226 644 1306 promissi
657 1224 775 1304 praelis
789 1224 918 1296 Murtis;

275 1309 339 1369 Sed
351 1309 479 1370 tandem
495 1309 591 1369 rediit
605 1310 746 1387 cognitus
762 1317 833 1369 autc
848 1311 945 1370 furor.

204 1393 365 1473 5Ncmque
377 1412 500 1472 gravem
513 1413 609 1454 cornu
621 1395 742 1472 gemino
756 1395 800 1453 sic
813 1393 924 1454 extulit
936 1414 1060 1472 ursum,

274 1479 370 1539 luctet
384 1486 419 1539 ut
431 1479 591 1560 impositas
605 1485 711 1537 taurus
727 1480 759 1538 iu
775 1486 857 1538 astra
873 1477 960 1559 pilas.

615 1609 721 1671 XXIII.
798 1669 804 1676 .

230 1705 345 1766 Norica
357 1710 418 1768 iam
432 1717 519 1768 certo
536 1707 687 1768 venabula
702 1707 809 1786 dirigit
823 1708 887 1766 ictu

272 1790 379 1850 Fortis
394 1792 494 1852 adhuc
509 1795 612 1853 teneri
628 1792 757 1852 dextera
772 1790 983 1870 Carpophori:

231 1872 289 1935 Ille
305 1874 379 1935 tulit
392 1879 531 1955 geminos
545 1877 630 1937 facssi
647 1878 768 1936 cervice
780 1877 942 1950 iuvencos,

272 1958 323 2019 llli
339 1962 433 2021 cessit
449 1966 537 2022 atrox
552 1961 681 2021 bubalus
696 1967 788 2040 atque
804 1961 901 2019 bisou.

208 2044 322 2104 5Huuc
335 2042 386 2104 leo
404 2065 472 2105 cum
488 2045 630 2124 fugeret,
652 2063 803 2125 praeceps
817 2045 849 2103 in
864 2041 926 2102 tela
942 2044 1100 2104 cucurrit:

272 2128 286 2188 1
303 2147 384 2190 nuuc
401 2136 435 2190 et
447 2128 549 2232 leptus
565 2130 706 2209 corripe,
728 2131 834 2206 turba,
854 2145 964 2188 moras.

611 2264 723 2326 XXIV.

230 2380 263 2438 si
281 2381 348 2457 quis
364 2379 438 2440 ades
452 2379 554 2458 longis
570 2397 657 2439 serus
671 2382 828 2457 spectatur
841 2378 878 2436 alr
894 2376 973 2453 oris,

273 2465 331 2524 Cui
344 2462 398 2524 lux
410 2465 510 2544 prima
525 2464 604 2522 sueri
623 2461 759 2523 muueris
774 2461 833 2521 istu
847 2461 922 2537 fuit,

229 2546 275 2607 Ne
290 2553 323 2607 te
343 2545 479 2627 decipiet
491 2547 610 2606 ratibus
622 2544 737 2606 navalis
752 2547 840 2623 Enyo

271 2633 313 2691 Et
324 2651 381 2711 pur
392 2629 475 2690 unda
487 2631 593 2708 frede,
615 2632 667 2690 hic
684 2630 774 2691 modo
789 2636 874 2688 terra
888 2627 957 2690 fuit.

205 2717 296 2776 tNou
311 2712 437 2775 credis?
458 2719 580 2795 specta,
603 2715 675 2775 dum
689 2714 805 2776 lassant
818 2732 953 2791 aequore
968 2710 1120 2774 Martem.

271 2801 368 2861 Perua
384 2806 544 2860 moreest:
568 2799 653 2860 dices
666 2800 748 2877 „Hic
761 2797 851 2858 modo
866 2802 979 2878 pontus
993 2797 1100 2860 erct.“

619 2907 715 2998 xxvj

229 3045 319 3122 Quod
332 3052 484 3108 nocturna
497 3050 572 3124 tibi,
593 3046 752 3125 Leandro,
772 3042 952 3126 pepercerit
967 3040 1048 3102 unda

270 3133 385 3192 DesIne
398 3134 518 3193 mirari:
540 3135 682 3195 Caesaris
698 3131 778 3192 uude
792 3130 860 3190 fuit.

585 3269 687 3347 xxv,
709 3271 737 3328 u.

229 3382 306 3441 Cum
320 3387 446 3462 peteret
464 3379 571 3443 dulces
587 3382 683 3444 sudux
697 3381 857 3443 Leandros
874 3396 994 3440 cruores

268 3467 310 3526 Et
323 3466 424 3526 fessus
438 3467 563 3527 tumidis
580 3469 639 3526 iam
653 3472 851 3548 premeretur
866 3466 969 3544 equis,
