<?xml version="1.0" encoding="UTF-8"?>
<!DOCTYPE html PUBLIC "-//W3C//DTD XHTML 1.0 Transitional//EN"
    "http://www.w3.org/TR/xhtml1/DTD/xhtml1-transitional.dtd">
<html xmlns="http://www.w3.org/1999/xhtml" xml:lang="en" lang="en">
 <head>
  <title>
</title>
<meta http-equiv="Content-Type" content="text/html;charset=utf-8" />
  <meta name='ocr-system' content='tesseract 3.04.00' />
  <meta name='ocr-capabilities' content='ocr_page ocr_carea ocr_par ocr_line ocrx_word'/>
</head>
<body>
  <div class='ocr_page' id='page_1' title='image "./diuniiiuvenalis02juvegoog_0383.png"; bbox 0 0 2392 3888; ppageno 0'>
   <div class='ocr_carea' id='block_1_1' title="bbox 126 209 843 280">
    <p class='ocr_par' dir='ltr' id='par_1_1' title="bbox 126 209 843 280">
     <span class='ocr_line' id='line_1_1' title="bbox 126 209 843 280; baseline -0.011 0"><span class='ocrx_word' id='word_1_1' title='bbox 126 213 190 280; x_wconf 77' lang='lat'><strong>210</strong></span> <span class='ocrx_word' id='word_1_2' title='bbox 448 209 495 274; x_wconf 79' lang='lat' dir='ltr'><strong>hl.</strong></span> <span class='ocrx_word' id='word_1_3' title='bbox 510 211 602 274; x_wconf 71' lang='lat' dir='ltr'><strong>vm.</strong></span> <span class='ocrx_word' id='word_1_4' title='bbox 618 209 843 273; x_wconf 64' lang='lat' dir='ltr'><strong>mitius</strong></span> 
     </span>
    </p>
   </div>
   <div class='ocr_carea' id='block_1_2' title="bbox 190 359 879 525">
    <p class='ocr_par' dir='ltr' id='par_1_2' title="bbox 190 359 879 525">
     <span class='ocr_line' id='line_1_2' title="bbox 190 359 879 446; baseline -0.015 -17"><span class='ocrx_word' id='word_1_5' title='bbox 190 366 363 446; x_wconf 76' lang='lat' dir='ltr'><strong>tlnscrlpta</strong></span> <span class='ocrx_word' id='word_1_6' title='bbox 378 369 428 423; x_wconf 87' lang='lat' dir='ltr'><strong>est</strong></span> <span class='ocrx_word' id='word_1_7' title='bbox 440 362 523 422; x_wconf 86' lang='lat' dir='ltr'><strong>basis</strong></span> <span class='ocrx_word' id='word_1_8' title='bbox 537 359 717 440; x_wconf 72' lang='lat' dir='ltr'>indicatque</span> <span class='ocrx_word' id='word_1_9' title='bbox 734 360 879 421; x_wconf 83' lang='lat' dir='ltr'><strong>uomera“</strong></span> 
     </span>
     <span class='ocr_line' id='line_1_3' title="bbox 211 442 774 525; baseline -0.012 -13"><span class='ocrx_word' id='word_1_10' title='bbox 211 450 390 513; x_wconf 74' lang='grc' dir='ltr'><strong><em>Λυσίππου</em></strong></span> <span class='ocrx_word' id='word_1_11' title='bbox 401 444 494 525; x_wconf 77' lang='lat' dir='ltr'><strong>lego,</strong></span> <span class='ocrx_word' id='word_1_12' title='bbox 515 442 646 505; x_wconf 85' lang='lat' dir='ltr'><strong>Phidiae</strong></span> <span class='ocrx_word' id='word_1_13' title='bbox 660 445 774 525; x_wconf 82' lang='lat' dir='ltr'><strong>putavi.</strong></span> 
     </span>
    </p>
   </div>
   <div class='ocr_carea' id='block_1_3' title="bbox 603 592 698 658">
    <p class='ocr_par' dir='ltr' id='par_1_3' title="bbox 603 592 698 658">
     <span class='ocr_line' id='line_1_4' title="bbox 603 592 698 658; baseline -0.042 0"><span class='ocrx_word' id='word_1_14' title='bbox 603 592 698 658; x_wconf 81' lang='lat' dir='ltr'>XLV.</span> 
     </span>
    </p>
   </div>
   <div class='ocr_carea' id='block_1_4' title="bbox 191 703 1058 1370">
    <p class='ocr_par' dir='ltr' id='par_1_4' title="bbox 211 703 1030 869">
     <span class='ocr_line' id='line_1_5' title="bbox 211 703 1030 789; baseline -0.002 -17"><span class='ocrx_word' id='word_1_15' title='bbox 211 707 308 772; x_wconf 88' lang='lat' dir='ltr'><strong>Miles</strong></span> <span class='ocrx_word' id='word_1_16' title='bbox 323 708 546 789; x_wconf 77' lang='lat' dir='ltr'><strong>Hyperboreos</strong></span> <span class='ocrx_word' id='word_1_17' title='bbox 561 704 670 783; x_wconf 88' lang='lat' dir='ltr'><strong>modo,</strong></span> <span class='ocrx_word' id='word_1_18' title='bbox 691 703 896 785; x_wconf 85' lang='lat' dir='ltr'><strong>Marcelline,</strong></span> <span class='ocrx_word' id='word_1_19' title='bbox 910 710 1030 770; x_wconf 86' lang='lat' dir='ltr'><strong>triuues</strong></span> 
     </span>
     <span class='ocr_line' id='line_1_6' title="bbox 252 787 860 869; baseline -0.012 -14"><span class='ocrx_word' id='word_1_20' title='bbox 252 795 295 855; x_wconf 84' lang='lat' dir='ltr'><strong>Et</strong></span> <span class='ocrx_word' id='word_1_21' title='bbox 308 793 411 854; x_wconf 81' lang='lat' dir='ltr'>Getici</span> <span class='ocrx_word' id='word_1_22' title='bbox 426 788 544 850; x_wconf 84' lang='lat' dir='ltr'><strong>tuleras</strong></span> <span class='ocrx_word' id='word_1_23' title='bbox 558 787 662 849; x_wconf 88' lang='lat' dir='ltr'><strong>sidera</strong></span> <span class='ocrx_word' id='word_1_24' title='bbox 676 789 765 868; x_wconf 81' lang='lat' dir='ltr'><strong>pigra</strong></span> <span class='ocrx_word' id='word_1_25' title='bbox 777 787 860 869; x_wconf 89' lang='lat' dir='ltr'><strong>poli:</strong></span> 
     </span>
    </p>

    <p class='ocr_par' dir='ltr' id='par_1_5' title="bbox 210 871 1058 1040">
     <span class='ocr_line' id='line_1_7' title="bbox 210 871 885 952; baseline -0.009 -13"><span class='ocrx_word' id='word_1_26' title='bbox 210 879 293 940; x_wconf 83' lang='lat' dir='ltr'><strong>l&#39;icce</strong></span> <span class='ocrx_word' id='word_1_27' title='bbox 307 875 487 938; x_wconf 77' lang='lat' dir='ltr'><strong>Promethei</strong></span> <span class='ocrx_word' id='word_1_28' title='bbox 502 891 596 952; x_wconf 85' lang='lat' dir='ltr'><strong>rupes</strong></span> <span class='ocrx_word' id='word_1_29' title='bbox 610 879 644 931; x_wconf 91' lang='lat' dir='ltr'><strong>et</strong></span> <span class='ocrx_word' id='word_1_30' title='bbox 655 871 759 932; x_wconf 88' lang='lat' dir='ltr'><strong>iahula</strong></span> <span class='ocrx_word' id='word_1_31' title='bbox 772 875 885 933; x_wconf 88' lang='lat' dir='ltr'><strong>montis</strong></span> 
     </span>
     <span class='ocr_line' id='line_1_8' title="bbox 255 954 1058 1040; baseline -0.004 -19"><span class='ocrx_word' id='word_1_32' title='bbox 255 962 351 1037; x_wconf 78' lang='lat' dir='ltr'><strong>Quam</strong></span> <span class='ocrx_word' id='word_1_33' title='bbox 366 977 465 1040; x_wconf 83' lang='lat' dir='ltr'><strong>prope</strong></span> <span class='ocrx_word' id='word_1_34' title='bbox 481 963 552 1017; x_wconf 90' lang='lat' dir='ltr'><strong>sunt</strong></span> <span class='ocrx_word' id='word_1_35' title='bbox 568 954 685 1033; x_wconf 86' lang='lat' dir='ltr'><strong>oculis,</strong></span> <span class='ocrx_word' id='word_1_36' title='bbox 706 974 788 1016; x_wconf 88' lang='lat' dir='ltr'><strong>nuuc</strong></span> <span class='ocrx_word' id='word_1_37' title='bbox 803 955 961 1033; x_wconf 87' lang='lat' dir='ltr'><strong>adeunda,</strong></span> <span class='ocrx_word' id='word_1_38' title='bbox 982 959 1058 1018; x_wconf 88' lang='lat' dir='ltr'><strong>tuis!</strong></span> 
     </span>
    </p>

    <p class='ocr_par' dir='ltr' id='par_1_6' title="bbox 191 1037 969 1206">
     <span class='ocr_line' id='line_1_9' title="bbox 191 1037 969 1119; baseline -0.01 -11"><span class='ocrx_word' id='word_1_39' title='bbox 191 1044 341 1108; x_wconf 71' lang='lat' dir='ltr'><strong>eviceris</strong></span> <span class='ocrx_word' id='word_1_40' title='bbox 355 1042 512 1104; x_wconf 90' lang='lat' dir='ltr'><strong>immenssi</strong></span> <span class='ocrx_word' id='word_1_41' title='bbox 528 1059 597 1100; x_wconf 89' lang='lat' dir='ltr'><strong>cum</strong></span> <span class='ocrx_word' id='word_1_42' title='bbox 613 1037 804 1099; x_wconf 88' lang='lat' dir='ltr'><strong>conclamata</strong></span> <span class='ocrx_word' id='word_1_43' title='bbox 818 1039 969 1119; x_wconf 76' lang='lat' dir='ltr'><strong>querellis</strong></span> 
     </span>
     <span class='ocr_line' id='line_1_10' title="bbox 257 1123 903 1206; baseline -0.008 -17"><span class='ocrx_word' id='word_1_44' title='bbox 257 1128 336 1189; x_wconf 83' lang='lat' dir='ltr'><strong>Saxa</strong></span> <span class='ocrx_word' id='word_1_45' title='bbox 349 1129 449 1206; x_wconf 84' lang='lat' dir='ltr'><strong>serris,</strong></span> <span class='ocrx_word' id='word_1_46' title='bbox 472 1124 557 1184; x_wconf 89' lang='lat' dir='ltr'><strong>dices</strong></span> <span class='ocrx_word' id='word_1_47' title='bbox 573 1123 711 1202; x_wconf 80' lang='lat' dir='ltr'><strong>„Durior</strong></span> <span class='ocrx_word' id='word_1_48' title='bbox 727 1124 795 1204; x_wconf 89' lang='lat' dir='ltr'><strong>ipse</strong></span> <span class='ocrx_word' id='word_1_49' title='bbox 810 1123 903 1187; x_wconf 82' lang='lat' dir='ltr'><strong>luit.“</strong></span> 
     </span>
    </p>

    <p class='ocr_par' dir='ltr' id='par_1_7' title="bbox 212 1206 992 1286">
     <span class='ocr_line' id='line_1_11' title="bbox 212 1206 992 1286; baseline -0.005 -12"><span class='ocrx_word' id='word_1_50' title='bbox 212 1213 255 1274; x_wconf 79' lang='lat' dir='ltr'><strong>m</strong></span> <span class='ocrx_word' id='word_1_51' title='bbox 268 1210 346 1272; x_wconf 87' lang='lat' dir='ltr'><strong>licet</strong></span> <span class='ocrx_word' id='word_1_52' title='bbox 360 1212 438 1272; x_wconf 85' lang='lat' dir='ltr'><strong>hsec</strong></span> <span class='ocrx_word' id='word_1_53' title='bbox 453 1207 563 1269; x_wconf 86' lang='lat' dir='ltr'><strong>addas:</strong></span> <span class='ocrx_word' id='word_1_54' title='bbox 586 1207 716 1285; x_wconf 85' lang='lat' dir='ltr'><strong>„Potuit</strong></span> <span class='ocrx_word' id='word_1_55' title='bbox 731 1208 782 1284; x_wconf 92' lang='lat' dir='ltr'><strong>qul</strong></span> <span class='ocrx_word' id='word_1_56' title='bbox 797 1206 873 1268; x_wconf 87' lang='lat' dir='ltr'><strong>talia</strong></span> <span class='ocrx_word' id='word_1_57' title='bbox 887 1208 992 1286; x_wconf 81' lang='lat' dir='ltr'><strong>ferre,</strong></span> 
     </span>
    </p>

    <p class='ocr_par' dir='ltr' id='par_1_8' title="bbox 254 1289 917 1370">
     <span class='ocr_line' id='line_1_12' title="bbox 254 1289 917 1370; baseline -0.011 -14"><span class='ocrx_word' id='word_1_58' title='bbox 254 1297 427 1356; x_wconf 88' lang='lat' dir='ltr'><strong>Humanum</strong></span> <span class='ocrx_word' id='word_1_59' title='bbox 442 1293 555 1353; x_wconf 86' lang='lat' dir='ltr'><strong>morito</strong></span> <span class='ocrx_word' id='word_1_60' title='bbox 571 1291 702 1350; x_wconf 84' lang='lat' dir='ltr'><strong>tinxerat</strong></span> <span class='ocrx_word' id='word_1_61' title='bbox 716 1289 773 1352; x_wconf 94' lang='lat' dir='ltr'><strong>ille</strong></span> <span class='ocrx_word' id='word_1_62' title='bbox 787 1293 917 1370; x_wconf 83' lang='lat' dir='ltr'><strong>genus.“</strong></span> 
     </span>
    </p>
   </div>
   <div class='ocr_carea' id='block_1_5' title="bbox 600 1454 706 1516">
    <p class='ocr_par' dir='ltr' id='par_1_9' title="bbox 600 1454 706 1516">
     <span class='ocr_line' id='line_1_13' title="bbox 600 1454 706 1516; baseline -0.009 -2"><span class='ocrx_word' id='word_1_63' title='bbox 600 1454 706 1516; x_wconf 86' lang='lat' dir='ltr'><strong>XLVl.</strong></span> 
     </span>
    </p>
   </div>
   <div class='ocr_carea' id='block_1_6' title="bbox 214 1571 1050 1902">
    <p class='ocr_par' dir='ltr' id='par_1_10' title="bbox 214 1571 1003 1736">
     <span class='ocr_line' id='line_1_14' title="bbox 214 1571 1003 1652; baseline -0.008 -13"><span class='ocrx_word' id='word_1_64' title='bbox 214 1575 334 1639; x_wconf 83' lang='lat' dir='ltr'><strong>Gellius</strong></span> <span class='ocrx_word' id='word_1_65' title='bbox 350 1573 495 1635; x_wconf 87' lang='lat' dir='ltr'><strong>uedlllcat</strong></span> <span class='ocrx_word' id='word_1_66' title='bbox 510 1590 648 1652; x_wconf 85' lang='lat' dir='ltr'><strong>semper:</strong></span> <span class='ocrx_word' id='word_1_67' title='bbox 671 1572 762 1632; x_wconf 89' lang='lat' dir='ltr'><strong>modo</strong></span> <span class='ocrx_word' id='word_1_68' title='bbox 776 1571 885 1632; x_wconf 82' lang='lat' dir='ltr'><strong>limina</strong></span> <span class='ocrx_word' id='word_1_69' title='bbox 896 1573 1003 1652; x_wconf 86' lang='lat' dir='ltr'><strong>pouit,</strong></span> 
     </span>
     <span class='ocr_line' id='line_1_15' title="bbox 255 1655 968 1736; baseline -0.008 -14"><span class='ocrx_word' id='word_1_70' title='bbox 255 1661 343 1722; x_wconf 84' lang='lat' dir='ltr'><strong>Nunc</strong></span> <span class='ocrx_word' id='word_1_71' title='bbox 358 1658 479 1719; x_wconf 84' lang='lat' dir='ltr'><strong>iuribus</strong></span> <span class='ocrx_word' id='word_1_72' title='bbox 494 1655 595 1716; x_wconf 85' lang='lat' dir='ltr'><strong>claves</strong></span> <span class='ocrx_word' id='word_1_73' title='bbox 610 1662 696 1736; x_wconf 88' lang='lat' dir='ltr'><strong>aptat</strong></span> <span class='ocrx_word' id='word_1_74' title='bbox 713 1657 849 1734; x_wconf 84' lang='lat' dir='ltr'><strong>emitque</strong></span> <span class='ocrx_word' id='word_1_75' title='bbox 865 1673 968 1731; x_wconf 81' lang='lat' dir='ltr'><strong>seras3</strong></span> 
     </span>
    </p>

    <p class='ocr_par' dir='ltr' id='par_1_11' title="bbox 214 1738 1050 1902">
     <span class='ocr_line' id='line_1_16' title="bbox 214 1738 1050 1820; baseline -0.011 -13"><span class='ocrx_word' id='word_1_76' title='bbox 214 1746 301 1807; x_wconf 89' lang='lat' dir='ltr'><strong>Nunc</strong></span> <span class='ocrx_word' id='word_1_77' title='bbox 316 1744 389 1820; x_wconf 89' lang='lat' dir='ltr'><strong>has,</strong></span> <span class='ocrx_word' id='word_1_78' title='bbox 411 1759 492 1800; x_wconf 87' lang='lat' dir='ltr'><strong>nuuc</strong></span> <span class='ocrx_word' id='word_1_79' title='bbox 507 1738 577 1799; x_wconf 86' lang='lat' dir='ltr'><strong>illas</strong></span> <span class='ocrx_word' id='word_1_80' title='bbox 593 1740 698 1798; x_wconf 82' lang='lat' dir='ltr'><strong>reiicit</strong></span> <span class='ocrx_word' id='word_1_81' title='bbox 711 1746 869 1818; x_wconf 85' lang='lat' dir='ltr'><strong>mutatque</strong></span> <span class='ocrx_word' id='word_1_82' title='bbox 884 1739 1050 1800; x_wconf 79' lang='lat' dir='ltr'><strong>fenestras:</strong></span> 
     </span>
     <span class='ocr_line' id='line_1_17' title="bbox 257 1822 998 1902; baseline -0.009 -13"><span class='ocrx_word' id='word_1_83' title='bbox 257 1830 335 1889; x_wconf 86' lang='lat' dir='ltr'><strong>Dum</strong></span> <span class='ocrx_word' id='word_1_84' title='bbox 351 1831 470 1888; x_wconf 88' lang='lat' dir='ltr'><strong>tautum</strong></span> <span class='ocrx_word' id='word_1_85' title='bbox 485 1822 646 1902; x_wconf 85' lang='lat' dir='ltr'><strong>aedificet,</strong></span> <span class='ocrx_word' id='word_1_86' title='bbox 669 1823 822 1902; x_wconf 81' lang='lat' dir='ltr'><strong>quidlibet</strong></span> <span class='ocrx_word' id='word_1_87' title='bbox 836 1822 891 1884; x_wconf 89' lang='lat' dir='ltr'><strong>ille</strong></span> <span class='ocrx_word' id='word_1_88' title='bbox 906 1823 998 1902; x_wconf 84' lang='lat' dir='ltr'><strong>facit,</strong></span> 
     </span>
    </p>
   </div>
   <div class='ocr_carea' id='block_1_7' title="bbox 192 1905 950 2069">
    <p class='ocr_par' dir='ltr' id='par_1_12' title="bbox 192 1905 950 2069">
     <span class='ocr_line' id='line_1_18' title="bbox 192 1905 871 1978; baseline -0.018 -1"><span class='ocrx_word' id='word_1_89' title='bbox 192 1913 326 1978; x_wconf 75' lang='lat' dir='ltr'><strong>50rauti</strong></span> <span class='ocrx_word' id='word_1_90' title='bbox 341 1926 479 1971; x_wconf 84' lang='lat' dir='ltr'><strong>nummus</strong></span> <span class='ocrx_word' id='word_1_91' title='bbox 490 1914 525 1966; x_wconf 91' lang='lat' dir='ltr'><strong>ut</strong></span> <span class='ocrx_word' id='word_1_92' title='bbox 542 1905 649 1967; x_wconf 87' lang='lat' dir='ltr'><strong>dicere</strong></span> <span class='ocrx_word' id='word_1_93' title='bbox 685 1909 761 1968; x_wconf 83' lang='lat' dir='ltr'><strong>assit</strong></span> <span class='ocrx_word' id='word_1_94' title='bbox 775 1908 871 1968; x_wconf 92' lang='lat' dir='ltr'><strong>amico</strong></span> 
     </span>
     <span class='ocr_line' id='line_1_19' title="bbox 259 1927 950 2069; baseline -0.009 -11"><span class='ocrx_word' id='word_1_95' title='bbox 259 1997 360 2059; x_wconf 88' lang='lat' dir='ltr'><strong>Unum</strong></span> <span class='ocrx_word' id='word_1_96' title='bbox 376 1991 458 2056; x_wconf 90' lang='lat' dir='ltr'><strong>illud</strong></span> <span class='ocrx_word' id='word_1_97' title='bbox 473 1994 603 2052; x_wconf 83' lang='lat' dir='ltr'><strong>verbum</strong></span> <span class='ocrx_word' id='word_1_98' title='bbox 617 1927 740 2052; x_wconf 80' lang='lat' dir='ltr'><strong>Gellius</strong></span> <span class='ocrx_word' id='word_1_99' title='bbox 754 1989 950 2069; x_wconf 84' lang='lat' dir='ltr'><strong>„Aediiioo.“</strong></span> 
     </span>
    </p>
   </div>
   <div class='ocr_carea' id='block_1_8' title="bbox 593 2145 715 2208">
    <p class='ocr_par' dir='ltr' id='par_1_13' title="bbox 593 2145 715 2208">
     <span class='ocr_line' id='line_1_20' title="bbox 593 2145 715 2208; baseline -0.033 -2"><span class='ocrx_word' id='word_1_100' title='bbox 593 2145 715 2208; x_wconf 84' lang='lat' dir='ltr'><strong>XLVll.</strong></span> 
     </span>
    </p>
   </div>
   <div class='ocr_carea' id='block_1_9' title="bbox 197 2261 1087 2933">
    <p class='ocr_par' dir='ltr' id='par_1_14' title="bbox 197 2261 1087 2933">
     <span class='ocr_line' id='line_1_21' title="bbox 219 2261 1035 2344; baseline -0.009 -14"><span class='ocrx_word' id='word_1_101' title='bbox 219 2267 432 2344; x_wconf 76' lang='lat' dir='ltr'><strong>Democritus,</strong></span> <span class='ocrx_word' id='word_1_102' title='bbox 454 2265 597 2325; x_wconf 77' lang='lat' dir='ltr'><strong>Zenonas</strong></span> <span class='ocrx_word' id='word_1_103' title='bbox 610 2262 869 2342; x_wconf 78' lang='lat' dir='ltr'><strong>inexplicitosque</strong></span> <span class='ocrx_word' id='word_1_104' title='bbox 883 2261 1035 2324; x_wconf 83' lang='lat' dir='ltr'><strong>l’latums&#39;</strong></span> 
     </span>
     <span class='ocr_line' id='line_1_22' title="bbox 262 2346 963 2430; baseline -0.007 -18"><span class='ocrx_word' id='word_1_105' title='bbox 262 2350 419 2430; x_wconf 81' lang='lat' dir='ltr'><strong>Quidquid</strong></span> <span class='ocrx_word' id='word_1_106' title='bbox 434 2357 466 2409; x_wconf 89' lang='lat' dir='ltr'><strong>ct</strong></span> <span class='ocrx_word' id='word_1_107' title='bbox 481 2348 610 2408; x_wconf 85' lang='lat' dir='ltr'><strong>hirsutis</strong></span> <span class='ocrx_word' id='word_1_108' title='bbox 626 2346 749 2426; x_wconf 82' lang='lat' dir='ltr'><strong>squalet</strong></span> <span class='ocrx_word' id='word_1_109' title='bbox 762 2349 963 2426; x_wconf 83' lang='lat' dir='ltr'><strong>imaginibus,</strong></span> 
     </span>
     <span class='ocr_line' id='line_1_23' title="bbox 220 2428 1077 2515; baseline -0.007 -17"><span class='ocrx_word' id='word_1_110' title='bbox 220 2438 272 2499; x_wconf 91' lang='lat' dir='ltr'><strong>Sic</strong></span> <span class='ocrx_word' id='word_1_111' title='bbox 288 2436 374 2515; x_wconf 87' lang='lat' dir='ltr'><strong>quasi</strong></span> <span class='ocrx_word' id='word_1_112' title='bbox 388 2434 584 2513; x_wconf 71' lang='lat' dir='ltr'><strong>Pythagorae</strong></span> <span class='ocrx_word' id='word_1_113' title='bbox 597 2428 739 2509; x_wconf 89' lang='lat' dir='ltr'><strong>loqueris</strong></span> <span class='ocrx_word' id='word_1_114' title='bbox 752 2449 914 2494; x_wconf 83' lang='lat' dir='ltr'><strong>successor</strong></span> <span class='ocrx_word' id='word_1_115' title='bbox 927 2438 963 2492; x_wconf 90' lang='lat' dir='ltr'><strong>et</strong></span> <span class='ocrx_word' id='word_1_116' title='bbox 975 2431 1077 2508; x_wconf 83' lang='lat' dir='ltr'><strong>heres,</strong></span> 
     </span>
     <span class='ocr_line' id='line_1_24' title="bbox 261 2515 955 2597; baseline -0.006 -17"><span class='ocrx_word' id='word_1_117' title='bbox 261 2517 461 2597; x_wconf 82' lang='lat' dir='ltr'><strong>Praependet</strong></span> <span class='ocrx_word' id='word_1_118' title='bbox 475 2516 576 2576; x_wconf 87' lang='lat' dir='ltr'><strong>Samia</strong></span> <span class='ocrx_word' id='word_1_119' title='bbox 590 2533 649 2574; x_wconf 89' lang='lat' dir='ltr'><strong>uec</strong></span> <span class='ocrx_word' id='word_1_120' title='bbox 663 2515 720 2576; x_wconf 86' lang='lat' dir='ltr'><strong>tihi</strong></span> <span class='ocrx_word' id='word_1_121' title='bbox 735 2517 832 2576; x_wconf 79' lang='lat' dir='ltr'><strong>herba</strong></span> <span class='ocrx_word' id='word_1_122' title='bbox 845 2517 955 2577; x_wconf 88' lang='lat' dir='ltr'><strong>miuor.</strong></span> 
     </span>
     <span class='ocr_line' id='line_1_25' title="bbox 197 2597 1049 2681; baseline -0.011 -14"><span class='ocrx_word' id='word_1_123' title='bbox 197 2603 285 2668; x_wconf 86' lang='lat' dir='ltr'><strong>5Sed</strong></span> <span class='ocrx_word' id='word_1_124' title='bbox 302 2599 383 2681; x_wconf 91' lang='lat' dir='ltr'><strong>quod</strong></span> <span class='ocrx_word' id='word_1_125' title='bbox 397 2607 430 2660; x_wconf 88' lang='lat' dir='ltr'><strong>et</strong></span> <span class='ocrx_word' id='word_1_126' title='bbox 444 2600 576 2660; x_wconf 77' lang='lat' dir='ltr'><strong>hircosis</strong></span> <span class='ocrx_word' id='word_1_127' title='bbox 593 2617 696 2658; x_wconf 82' lang='lat' dir='ltr'><strong>serum</strong></span> <span class='ocrx_word' id='word_1_128' title='bbox 711 2607 761 2659; x_wconf 89' lang='lat' dir='ltr'><strong>est</strong></span> <span class='ocrx_word' id='word_1_129' title='bbox 775 2607 808 2660; x_wconf 88' lang='lat' dir='ltr'><strong>et</strong></span> <span class='ocrx_word' id='word_1_130' title='bbox 822 2607 914 2680; x_wconf 86' lang='lat' dir='ltr'><strong>turpe</strong></span> <span class='ocrx_word' id='word_1_131' title='bbox 928 2597 1049 2680; x_wconf 83' lang='lat' dir='ltr'><strong>pilosis,</strong></span> 
     </span>
     <span class='ocr_line' id='line_1_26' title="bbox 261 2681 915 2764; baseline -0.005 -17"><span class='ocrx_word' id='word_1_132' title='bbox 261 2687 294 2748; x_wconf 92' lang='lat' dir='ltr'><strong>ln</strong></span> <span class='ocrx_word' id='word_1_133' title='bbox 309 2683 397 2746; x_wconf 89' lang='lat' dir='ltr'><strong>molli</strong></span> <span class='ocrx_word' id='word_1_134' title='bbox 412 2681 541 2764; x_wconf 81' lang='lat' dir='ltr'><strong>rigidam</strong></span> <span class='ocrx_word' id='word_1_135' title='bbox 556 2681 646 2742; x_wconf 86' lang='lat' dir='ltr'><strong>clune</strong></span> <span class='ocrx_word' id='word_1_136' title='bbox 660 2681 796 2744; x_wconf 82' lang='lat' dir='ltr'><strong>libenter</strong></span> <span class='ocrx_word' id='word_1_137' title='bbox 809 2683 915 2744; x_wconf 87' lang='lat' dir='ltr'><strong>hahes.</strong></span> 
     </span>
     <span class='ocr_line' id='line_1_27' title="bbox 220 2766 967 2850; baseline -0.008 -18"><span class='ocrx_word' id='word_1_138' title='bbox 220 2772 285 2849; x_wconf 83' lang='lat' dir='ltr'><strong>Tu,</strong></span> <span class='ocrx_word' id='word_1_139' title='bbox 308 2770 360 2850; x_wconf 87' lang='lat' dir='ltr'><strong>qui</strong></span> <span class='ocrx_word' id='word_1_140' title='bbox 378 2776 530 2830; x_wconf 86' lang='lat' dir='ltr'><strong>sectarum</strong></span> <span class='ocrx_word' id='word_1_141' title='bbox 547 2785 651 2826; x_wconf 83' lang='lat' dir='ltr'><strong>causas</strong></span> <span class='ocrx_word' id='word_1_142' title='bbox 667 2772 700 2826; x_wconf 90' lang='lat' dir='ltr'><strong>et</strong></span> <span class='ocrx_word' id='word_1_143' title='bbox 713 2766 852 2846; x_wconf 78' lang='lat' dir='ltr'><strong>pondera</strong></span> <span class='ocrx_word' id='word_1_144' title='bbox 866 2768 967 2843; x_wconf 82' lang='lat' dir='ltr'><strong>nosti,</strong></span> 
     </span>
     <span class='ocr_line' id='line_1_28' title="bbox 263 2848 1087 2933; baseline -0.01 -18"><span class='ocrx_word' id='word_1_145' title='bbox 263 2856 319 2916; x_wconf 92' lang='lat' dir='ltr'><strong>Dic</strong></span> <span class='ocrx_word' id='word_1_146' title='bbox 334 2854 426 2931; x_wconf 87' lang='lat' dir='ltr'><strong>mihi,</strong></span> <span class='ocrx_word' id='word_1_147' title='bbox 446 2848 583 2933; x_wconf 76' lang='lat' dir='ltr'><strong>peremi,</strong></span> <span class='ocrx_word' id='word_1_148' title='bbox 604 2851 787 2928; x_wconf 78' lang='lat' dir='ltr'><strong>Pannyche‚</strong></span> <span class='ocrx_word' id='word_1_149' title='bbox 806 2850 916 2930; x_wconf 80' lang='lat' dir='ltr'><strong>dogma</strong></span> <span class='ocrx_word' id='word_1_150' title='bbox 930 2848 1087 2928; x_wconf 81' lang='lat' dir='ltr'><strong>quodest&#39;t</strong></span> 
     </span>
    </p>
   </div>
   <div class='ocr_carea' id='block_1_10' title="bbox 592 2982 731 3078">
    <p class='ocr_par' dir='ltr' id='par_1_15' title="bbox 592 2982 731 3078">
     <span class='ocr_line' id='line_1_29' title="bbox 592 2982 731 3078; baseline -0.036 -15"><span class='ocrx_word' id='word_1_151' title='bbox 592 2982 731 3078; x_wconf 70' lang='lat' dir='ltr'><strong>xiij</strong></span> 
     </span>
    </p>
   </div>
   <div class='ocr_carea' id='block_1_11' title="bbox 201 3113 1140 3525">
    <p class='ocr_par' dir='ltr' id='par_1_16' title="bbox 201 3113 1140 3525">
     <span class='ocr_line' id='line_1_30' title="bbox 223 3113 1046 3194; baseline -0.005 -18"><span class='ocrx_word' id='word_1_152' title='bbox 223 3114 382 3176; x_wconf 86' lang='lat' dir='ltr'><strong>Heredem</strong></span> <span class='ocrx_word' id='word_1_153' title='bbox 396 3135 464 3176; x_wconf 91' lang='lat' dir='ltr'><strong>cum</strong></span> <span class='ocrx_word' id='word_1_154' title='bbox 478 3133 528 3176; x_wconf 89' lang='lat' dir='ltr'><strong>me</strong></span> <span class='ocrx_word' id='word_1_155' title='bbox 541 3115 639 3194; x_wconf 90' lang='lat' dir='ltr'><strong>partis</strong></span> <span class='ocrx_word' id='word_1_156' title='bbox 653 3115 728 3190; x_wconf 88' lang='lat' dir='ltr'><strong>tihi,</strong></span> <span class='ocrx_word' id='word_1_157' title='bbox 750 3113 897 3190; x_wconf 76' lang='lat' dir='ltr'><strong>Garrire,</strong></span> <span class='ocrx_word' id='word_1_158' title='bbox 918 3119 1046 3192; x_wconf 78' lang='lat' dir='ltr'><strong>quartae</strong></span> 
     </span>
     <span class='ocr_line' id='line_1_31' title="bbox 264 3200 921 3276; baseline -0.009 -16"><span class='ocrx_word' id='word_1_159' title='bbox 264 3202 327 3260; x_wconf 82' lang='lat' dir='ltr'><strong>l’er</strong></span> <span class='ocrx_word' id='word_1_160' title='bbox 342 3205 394 3260; x_wconf 91' lang='lat' dir='ltr'><strong>tua</strong></span> <span class='ocrx_word' id='word_1_161' title='bbox 410 3200 530 3259; x_wconf 89' lang='lat' dir='ltr'><strong>iurares</strong></span> <span class='ocrx_word' id='word_1_162' title='bbox 544 3217 632 3257; x_wconf 88' lang='lat' dir='ltr'><strong>sacra</strong></span> <span class='ocrx_word' id='word_1_163' title='bbox 648 3202 803 3276; x_wconf 76' lang='lat' dir='ltr'><strong>caputque</strong></span> <span class='ocrx_word' id='word_1_164' title='bbox 819 3203 921 3272; x_wconf 87' lang='lat' dir='ltr'><strong>tuum,</strong></span> 
     </span>
     <span class='ocr_line' id='line_1_32' title="bbox 224 3276 1140 3362; baseline -0.007 -20"><span class='ocrx_word' id='word_1_165' title='bbox 224 3281 431 3358; x_wconf 82' lang='lat' dir='ltr'><strong>credidimus,</strong></span> <span class='ocrx_word' id='word_1_166' title='bbox 442 3315 486 3326; x_wconf 87' lang='lat'>—</span> <span class='ocrx_word' id='word_1_167' title='bbox 497 3283 565 3358; x_wconf 82' lang='lat' dir='ltr'><strong>quis</strong></span> <span class='ocrx_word' id='word_1_168' title='bbox 580 3283 660 3338; x_wconf 87' lang='lat' dir='ltr'><strong>euim</strong></span> <span class='ocrx_word' id='word_1_169' title='bbox 676 3279 802 3338; x_wconf 75' lang='lat' dir='ltr'><strong>damnet</strong></span> <span class='ocrx_word' id='word_1_170' title='bbox 816 3297 870 3338; x_wconf 84' lang='lat' dir='ltr'><strong>sua</strong></span> <span class='ocrx_word' id='word_1_171' title='bbox 883 3287 953 3340; x_wconf 80' lang='lat' dir='ltr'><strong>rota</strong></span> <span class='ocrx_word' id='word_1_172' title='bbox 966 3276 1140 3362; x_wconf 54' lang='lat' dir='ltr'><strong>liherici*</strong></span> 
     </span>
     <span class='ocr_line' id='line_1_33' title="bbox 264 3361 965 3442; baseline 0 -20"><span class='ocrx_word' id='word_1_173' title='bbox 264 3365 306 3422; x_wconf 80' lang='lat' dir='ltr'><strong>lit</strong></span> <span class='ocrx_word' id='word_1_174' title='bbox 319 3382 405 3441; x_wconf 85' lang='lat' dir='ltr'><strong>spem</strong></span> <span class='ocrx_word' id='word_1_175' title='bbox 420 3365 598 3421; x_wconf 83' lang='lat' dir='ltr'><strong>muneribus</strong></span> <span class='ocrx_word' id='word_1_176' title='bbox 611 3363 742 3422; x_wconf 78' lang='lat' dir='ltr'><strong>fovimus</strong></span> <span class='ocrx_word' id='word_1_177' title='bbox 755 3380 854 3442; x_wconf 81' lang='lat' dir='ltr'><strong>usque</strong></span> <span class='ocrx_word' id='word_1_178' title='bbox 869 3361 965 3439; x_wconf 69' lang='lat' dir='ltr'><strong>datisq</strong></span> 
     </span>
     <span class='ocr_line' id='line_1_34' title="bbox 201 3438 964 3525; baseline 0.003 -23"><span class='ocrx_word' id='word_1_179' title='bbox 201 3445 310 3503; x_wconf 75' lang='lat' dir='ltr'><strong>olnter</strong></span> <span class='ocrx_word' id='word_1_180' title='bbox 326 3462 403 3520; x_wconf 89' lang='lat' dir='ltr'><strong>quae</strong></span> <span class='ocrx_word' id='word_1_181' title='bbox 418 3445 482 3502; x_wconf 88' lang='lat' dir='ltr'><strong>rari</strong></span> <span class='ocrx_word' id='word_1_182' title='bbox 495 3438 682 3504; x_wconf 81' lang='lat' dir='ltr'><strong>Laurentem</strong></span> <span class='ocrx_word' id='word_1_183' title='bbox 694 3444 844 3523; x_wconf 80' lang='lat' dir='ltr'><strong>ponderis</strong></span> <span class='ocrx_word' id='word_1_184' title='bbox 856 3461 964 3525; x_wconf 86' lang='lat' dir='ltr'><strong>aprum</strong></span> 
     </span>
    </p>
   </div>
   <div class='ocr_carea' id='block_1_12' title="bbox 0 0 1200 3888">
    <p class='ocr_par' dir='ltr' id='par_1_17' title="bbox 0 0 1200 3888">
     <span class='ocr_line' id='line_1_35' title="bbox 0 0 1200 3888; baseline 0 0"><span class='ocrx_word' id='word_1_185' title='bbox 0 0 1200 3888; x_wconf 95' lang='lat' dir='ltr'><strong> </strong></span> 
     </span>
    </p>
   </div>
  </div>
 </body>
</html>
