2426 3900
261 311 264 318 Δ
326 221 665 284 EPIGRAMMA'ION
677 223 753 288 Llli.
767 226 817 288 III.
1050 227 1092 294 79
1159 315 1163 322 ι

131 376 258 435 Domini
272 374 408 434 bibentis
423 375 543 440 ebrium
558 378 640 454 regit
658 395 780 456 penem.

131 461 177 518 Aa
190 457 246 519 ille
260 465 347 518 retro
362 459 459 518 flexus
476 457 515 517 ad
527 457 639 538 pedum
654 462 776 522 turbam

131 541 220 604 Inter
234 540 361 602 catellas
377 559 517 602 anserum
532 548 602 602 esta
617 543 790 606 lambentes

83 627 273 691 ‘iol’artitur
287 629 353 708 apri
368 624 528 704 glandulas
542 627 729 706 palaestritis

38 777 42 782 ,
133 711 176 772 Et
183 711 361 778 ‚concubino
376 716 530 771 turturum
545 718 633 770 nates
649 711 759 788 donat3

132 794 342 873 Ligurumque
357 795 447 856 nobis
461 813 530 854 saxa
543 814 611 855 com
625 798 839 858 mluistrentur

59 883 67 892 '
135 877 195 941 Vel
211 886 299 939 cocta
312 879 404 939 fumis
419 886 517 940 musta
531 878 747 960 Massilitanis,

135 962 329 1042 Opimianum
345 964 534 1023 morionibus
547 971 656 1022 nectar

86 1057 125 1109 25
132 1043 393 1125 Crystallinisque
407 1047 616 1124 murrinisque
630 1048 784 1127 propinat.

134 1131 178 1191 Et
193 1131 364 1192 Cosmianis
377 1131 445 1211 ipse
460 1130 547 1189 lusus
565 1128 706 1211 ampullis

132 1214 203 1275 Non
218 1215 375 1275 erubescit
389 1215 507 1275 murice
522 1232 616 1274 aureo
632 1216 721 1275 nobis

132 1296 281 1358 Dividere
296 1291 443 1359 moechae
456 1300 602 1378 pauperia
618 1297 774 1379 capillare.
805 1333 809 1346 ‹

133 1383 291 1462 Septunce
305 1381 403 1444 multo
417 1381 531 1442 deinde
544 1381 686 1462 perditus
700 1385 816 1446 sterili.

84 1466 194 1530 30Nos
210 1468 389 1527 accubamus
404 1473 455 1544 et,
476 1464 631 1525 silentium
645 1468 792 1528 rhonchis

131 1552 298 1611 Praestare
311 1551 404 1628 iussi,
425 1551 549 1612 nutibus
564 1552 770 1630 propinamus.

131 1636 200 1695 IIos
212 1633 401 1696 Malchionis
416 1634 551 1714 patimur
565 1635 699 1713 improbi
712 1635 828 1713 fastus,

131 1721 198 1781 Nec
215 1718 380 1797 vindicari,
402 1717 499 1796 Itale,
519 1719 689 1798 poscimusa
710 1716 810 1780 fellat.

489 1883 651 1946 LXXXIII.

131 1995 177 2055 Ut
190 1994 300 2055 faciam
314 1997 457 2056 breviora
473 2015 580 2057 moues
595 1998 829 2077 epigrammata,
852 1991 966 2060 Corde.

174 2079 238 2139 Fac
251 2080 343 2158 mihi,
366 2079 450 2160 quod
464 2081 600 2140 Chione:
623 2100 685 2140 non
697 2083 786 2162 potui
799 2079 933 2144 brevius.

489 2243 653 2306 LXXXIV.

130 2354 335 2432 Quidnamt
347 2361 400 2416 tua
414 2356 565 2416 moecha?
597 2355 665 2416 Non
679 2353 815 2434 puellam

128 2439 218 2518 Dixi,
240 2437 425 2519 Gongylion.
455 2439 537 2516 Quid
552 2438 651 2518 crgo?
671 2436 815 2518 liugnam.

494 2565 645 2652 uxxxv.

130 2700 208 2776 Quis
222 2701 281 2760 tibi
293 2703 449 2780 persuasit
463 2719 554 2762 nares
569 2701 731 2764 abscidere
743 2702 896 2764 moecho?

173 2783 243 2843 Non
257 2785 315 2844 hac
327 2792 488 2863 peecatum
503 2792 551 2845 est
566 2792 673 2864 parte,
694 2788 820 2863 marite,
842 2785 910 2846 tibi.

130 2866 251 2947 Stulte,
273 2867 348 2947 quid
362 2870 477 2948 eglstl‘l
497 2868 576 2928 nihll
592 2871 644 2930 hle
658 2871 718 2931 tibi
733 2869 873 2951 perdidlt
886 2885 978 2945 uxor,

175 2951 252 3011 Cum
271 2953 313 3013 sit
326 2951 409 3013 salva
423 2955 469 3012 tui
486 2953 622 3014 mentula
636 2954 801 3034 Deiphobi.

488 3100 652 3163 LXXXVI.

128 3213 176 3273 Ne
190 3211 313 3290 legeres
328 3217 449 3292 partem
461 3211 585 3292 lascivi,
608 3223 707 3294 casta,
727 3214 847 3293 libelli,
874 3215 880 3222 '

170 3294 317 3356 Praedixi
329 3304 363 3358 et
377 3299 496 3357 monui:
518 3305 553 3358 tu
568 3305 686 3378 tamen,
707 3318 796 3379 ecce,
812 3299 903 3378 legls.

127 3377 194 3442 Sed
208 3381 235 3439 si
248 3379 450 3441 Panniculum
465 3388 586 3462 spectas
603 3391 637 3443 et
652 3391 735 3444 casta
752 3379 969 3462 Latinum,'--

168 3464 239 3524 Nou
255 3471 326 3524 sunt
339 3465 417 3525 haec
430 3467 531 3526 mimis
546 3466 749 3546 improbiora,
764 3497 807 3512 -·
818 3464 898 3543 lege.
