2474 3906
113 179 153 248 12
438 179 481 239 Μ.
498 178 588 238 VAL.
603 176 829 236 MAlt'l'lALlS

281 332 355 409 eui,
376 330 479 391 lector
492 330 646 407 studiose,
669 328 750 408 quod
764 328 878 389 dedisti

167 428 183 477 'a
280 415 405 476 Viventi
420 413 514 474 decus
528 424 620 493 atque
633 413 796 491 sentienti,

279 499 352 558 Rari
365 505 436 578 post
451 499 572 558 cineres
586 499 703 557 habent
715 505 837 578 poetae.

613 661 648 719 il.

197 779 255 854 Qui
266 785 369 839 tecum
387 775 473 854 cupis
489 793 557 836 esse
572 793 658 834 meos
672 774 846 854 ubicunque
859 769 986 833 libellos

237 863 279 921 Et
293 861 421 920 comites
433 855 546 938 longae
563 859 685 936 quaeris
698 859 814 918 habere
825 857 909 934 sdse,

197 947 262 1005 Hos
275 963 359 1021 eme,
383 962 460 1024 quos
473 949 553 1002 artat
564 943 710 1004 brevibus
724 943 901 1004 membrana
912 940 1058 1002 tabellis:

240 1029 360 1089 Scrinia
372 1027 410 1087 da
424 1029 555 1104 magnis,
577 1045 626 1086 me
641 1045 746 1085 manus
761 1045 821 1085 una
835 1026 924 1105 capit.

169 1114 242 1174 5Ne
254 1118 358 1172 tamen
371 1114 496 1190 ignores
512 1112 565 1171 nbi
579 1113 635 1169 sim
649 1109 781 1186 venalis,
803 1117 835 1169 et
851 1127 938 1169 erres

238 1197 325 1256 Urbe
338 1215 431 1274 vagus
446 1202 528 1272 tota,
550 1213 599 1254 me
612 1193 689 1254 duce
707 1201 811 1254 certus
826 1195 903 1254 eris:

197 1281 358 1340 Libertum
373 1278 456 1339 docti
471 1280 619 1339 Lucensis
636 1297 750 1358 quaere
765 1275 939 1337 Secundum

238 1364 357 1422 Limina
371 1371 442 1444 post
456 1365 544 1423 Pacis
559 1361 792 1442 Palladiumque
807 1362 915 1421 lorum.

607 1525 655 1585 lll.

201 1640 394 1718 Argiletanas
407 1640 499 1700 mavis
512 1640 652 1698 habitare
666 1639 827 1713 tabernas,

241 1725 317 1784 Cum
332 1724 407 1801 tibi,
428 1741 523 1804 parve
535 1722 636 1800 liber,
659 1723 773 1781 serinia
788 1727 893 1780 nostra
908 1727 1019 1778 vacent
1038 1719 1044 1730 '

197 1809 321 1885 Nescis,
345 1810 421 1884 heu,
444 1808 545 1867 nescis
562 1805 703 1866 dominae
716 1804 841 1866 fastidia
854 1801 985 1864 Rornae:

242 1892 345 1953 Crede
358 1893 449 1969 mihi,
471 1893 596 1950 nimium
608 1892 722 1951 Martia
736 1892 827 1950 turba
841 1889 929 1968 sapit.

169 1986 184 2036 ὑ
197 1977 334 2036 Maiores
346 1996 494 2054 nusquam
509 1977 658 2053 rhonchi,
681 1977 869 2052 iuvenesque
883 1989 1036 2049 senesque

240 2061 281 2120 Et
294 2062 383 2139 pueri
398 2079 504 2119 nasum
520 2060 727 2119 rhinocerotis
741 2060 865 2118 habent.

200 2144 344 2205 Audieris
359 2164 426 2204 cum
440 2143 556 2222 grande
575 2144 706 2223 sophos,
730 2142 801 2202 dum
815 2142 899 2201 basia
914 2141 1008 2200 iactas

241 2230 302 2290 lbis
318 2231 355 2290 ab
371 2248 499 2290 excusso
513 2229 623 2288 missus
635 2228 668 2288 in
681 2234 763 2286 astra
779 2245 859 2304 sago.
892 2279 895 2286 .

199 2313 262 2375 Sed
278 2322 311 2374 tu
324 2333 365 2374 ne
375 2315 491 2375 totiens
507 2314 621 2373 domini
635 2313 753 2392 patiare
767 2311 875 2371 lituras

161 2409 190 2458 10
243 2399 327 2459 Neve
341 2405 431 2459 notet
443 2398 528 2459 lusus
541 2399 639 2457 tristis
653 2394 792 2455 harundo
808 2401 892 2472 tuos,

198 2483 380 2558 Aetherias,
397 2481 527 2558 lascive,
549 2482 635 2560 cupis
648 2479 779 2540 volitare
793 2497 850 2558 per
865 2495 969 2537 auras:

240 2566 268 2642 1,
290 2566 381 2642 fuge3
404 2564 459 2624 sed
473 2571 597 2644 poteras
612 2566 709 2624 tutior
725 2581 794 2624 esse
811 2561 901 2622 domi.

607 2727 656 2787 lV.

199 2839 376 2918 Contigeris
391 2844 531 2916 nostros,
554 2840 684 2916 Caesar,
707 2840 733 2899 si
748 2841 831 2899 forte
844 2836 988 2914 libellos,

241 2923 410 2982 'l'errarum
422 2920 576 2982 dominum
588 2941 670 3002 pone
685 2923 890 3004 supercilium.

199 3007 396 3066 Consuevere
408 3008 493 3066 iocos
508 3009 604 3067 vestri
620 3026 742 3088 quoque
760 3008 845 3067 ferre
860 3006 1008 3086 triumphi

240 3091 403 3150 Materiam
420 3089 511 3150 dictis
526 3110 584 3150 nec
599 3091 695 3170 pudet
711 3111 780 3152 esse
795 3090 914 3154 ducem.

169 3187 183 3235 ὁ
198 3175 264 3250 Qua
280 3173 454 3254 Thymelen
469 3181 590 3255 spectas
606 3174 838 3254 derisoremque
853 3176 1010 3251 Latinum,

240 3258 295 3319 llla
308 3261 413 3319 fronte
427 3278 540 3338 precor
557 3262 690 3319 earmina
705 3266 811 3319 nostra
827 3257 922 3338 legas.

197 3343 347 3402 innocuos
363 3361 492 3402 censura
507 3349 611 3422 potest
627 3345 811 3422 permittere
824 3341 926 3402 lusus:

240 3426 366 3485 Lasciva
381 3433 430 3485 est
445 3427 533 3485 nobis
549 3428 675 3504 pagina,
697 3429 759 3485 vita
774 3429 880 3506 proha.
