2430 3894
121 191 164 256 92
430 145 436 160 ⁸
452 194 495 255 M.
512 195 604 258 VAL.
621 195 847 256 MAlt'l'lALlS

180 367 182 372 ·
207 345 341 408 Deciens
357 345 488 407 Sabinus
503 346 695 426 alterumque
711 347 881 424 Serranns;

206 429 254 491 Er
268 428 377 490 insulis
391 430 556 509 fundisque
569 433 697 491 triciens
711 427 847 508 soldulu,

186 513 255 575 alix
269 532 384 593 pecore
399 514 533 574 redeunt
547 521 596 574 ter
613 513 731 574 ducena
745 515 905 576 Parmensi
912 515 944 576 :“

209 598 299 657 'Potio
314 597 440 674 diebus,
461 598 556 675 Afer,
576 598 636 658 hoc
651 599 727 658 milri
740 617 848 658 narras
1197 603 1198 612 ’

208 680 251 742 nt
265 687 358 742 teneo
373 680 485 742 melina
498 682 573 761 ista,
596 700 685 760 quam
704 701 806 741 meum
821 700 942 743 nomen.

207 765 358 826 Numeros
373 772 499 848 oportet
515 763 651 845 aliquid,
673 772 708 824 nt
721 767 785 844 pati
796 768 927 845 possim:

209 848 403 910 Cotidianam
416 850 512 910 refice
527 867 671 908 nauseam
686 851 825 908 nummis.

167 931 326 997 lodndire
340 935 453 1012 gratis,
477 933 570 1010 Afer,
592 935 653 992 ista
667 950 729 992 non
743 951 882 1012 possum·

562 1095 727 1159 XXXVlll.

208 1204 314 1285 Galla,
334 1224 427 1284 nega:
446 1207 574 1266 satiatur
587 1227 688 1285 amor,
710 1207 770 1266 nisi
784 1206 893 1285 gaudia
908 1215 1084 1287 torquent:

251 1288 315 1349 Sed
329 1287 396 1350 noll
410 1290 551 1367 nimium,
572 1289 679 1367 Galla,
701 1301 816 1369 negare
832 1291 893 1351 diu.

574 1455 713 1516 XXXIX.

208 1570 341 1649 Argenti
356 1587 453 1648 genua
468 1587 559 1628 omne
575 1568 775 1649 comparasti,

208 1655 250 1716 iit
263 1651 347 1714 solus
361 1658 484 1712 veteres
499 1653 649 1732 Myronos
664 1658 763 1728 artes,

209 1735 301 1796 Solus
314 1735 489 1794 Praxitelus
503 1756 623 1796 manum
638 1736 833 1814 Scopaeque,

190 1853 193 1860 ,
209 1818 301 1880 Solus
318 1818 459 1879 Phidiaci
472 1826 612 1880 toreuma
627 1817 721 1895 caeli,

187 1902 300 1966 saclas
315 1903 498 1963 Mentoreos
512 1904 608 1963 habes
621 1902 753 1964 labores.

208 1988 274 2047 Nec
290 1987 402 2047 desunt
415 1988 473 2046 tibi
486 2006 559 2047 vera
573 1987 734 2063 Gratiana,

207 2071 273 2131 Nec
288 2090 366 2150 quae
381 2068 515 2130 Callaico
529 2069 668 2130 linuntur
684 2088 776 2145 auro,

209 2154 275 2215 Nec
289 2155 405 2215 mensis
421 2153 582 2232 anaglypta
597 2153 636 2211 de
652 2153 799 2230 paternis.

207 2239 379 2318 Argentum
396 2243 500 2297 tamen
513 2238 596 2296 inter
612 2255 701 2296 omne
716 2237 828 2311 miror,

167 2323 310 2400 loQuare
325 2342 388 2383 non
401 2322 531 2401 habeas,
554 2321 707 2396 Charine,
727 2338 847 2400 purum.

609 2481 673 2542 XL.

207 2593 296 2652 Atria
309 2593 456 2650 Pisonum
470 2591 592 2650 stabant
607 2611 674 2652 cum
692 2596 852 2652 stemmate
867 2597 933 2650 toto

249 2675 292 2736 nt
306 2673 390 2734 docti
404 2674 543 2735 Senecae
558 2680 608 2734 ter
626 2673 813 2736 numeranda
828 2673 950 2749 domus3

207 2757 414 2820 Praetulimus
429 2759 523 2819 tantis
535 2757 635 2818 'solum
650 2767 701 2838 te,
722 2759 886 2835 Postume,
906 2759 1027 2836 regnis:

250 2844 374 2924 Pauper
387 2861 457 2903 eras
473 2849 505 2903 et
522 2860 635 2922 eques,
659 2842 715 2902 sed
730 2843 805 2902 mihi
823 2840 930 2902 consul
947 2859 1026 2900 eras.

187 2926 329 2988 5Tecum
343 2933 394 2988 ter
409 2925 504 2986 denas
519 2928 693 3006 numeravi,
713 2926 877 3004 Postume,
898 2927 1039 2986 brumas:

249 3012 426 3072 Communis
440 3012 529 3070 nobis
544 3009 643 3071 lectus
656 3017 689 3071 et
703 3031 780 3070 unns
795 3016 872 3073 erat.

207 3095 269 3155 lam
286 3094 401 3154 donare
417 3101 524 3175 potes,
546 3095 606 3155 iam
620 3094 755 3175 perdere
771 3093 882 3175 plenus
896 3094 1069 3171 honorum,

249 3178 366 3258 Largus
382 3197 489 3257 opum:
512 3185 660 3258 expecto,
682 3180 844 3255 Postume,
868 3175 942 3256 qnid
959 3175 1068 3237 iacias.

201 3260 364 3338 Niliacis,
387 3267 420 3320 et
433 3279 535 3322 serum
551 3269 599 3322 est
614 3260 707 3323 alium
721 3263 796 3322 milri
812 3278 963 3341 quaerere
978 3277 1107 3338 regem.

163 3353 198 3408 10
245 3346 331 3423 Hoc,
351 3345 507 3423 Fortuna,
528 3343 654 3426 placet?
683 3348 846 3408 Postumus
861 3344 1016 3425 imposuit.
