2426 3900
330 229 670 294 EPIGRAMMATON
684 230 759 294 LlB.
774 232 800 292 1.·
1041 229 1091 296 3³

100 384 194 451 §Sed
209 385 236 443 si
250 401 308 442 nec
321 381 409 442 focus
425 387 474 441 est
487 399 546 441 uec
559 349 634 440 nudi
648 381 766 462 sponda
780 381 899 460 grabati

166 469 232 527 Nec
248 471 353 526 curtus
369 465 505 544 Chiones
519 465 709 546 Antiopesve
725 462 821 546 calix,
951 532 954 538 ,

123 553 227 615 Cerea
244 551 270 610 si
283 547 402 630 pendet
416 546 530 609 lumbis
546 554 578 608 et
592 549 708 628 scripta
722 547 849 610 lacerna

166 633 378 712 lilmidiasque
395 638 483 693 nates
499 629 618 694 Gallica
632 631 724 693 braca
738 635 835 714 tegit,

120 719 268 782 Pasceris
283 724 316 777 et
330 718 438 795 nigrae
454 715 521 776 solo
537 714 648 776 nidore
663 717 784 779 culinae
1083 747 1099 788 0
1201 727 1202 730 ’

76 817 114 868 10
166 804 209 864 nt
222 802 302 863 bibis
319 799 505 861 immundam
520 820 589 861 cum
604 819 680 863 cane
696 821 813 883 pronus
830 822 954 882 aquam:

119 888 192 952 Nou
207 885 324 962 culum,
345 886 545 964 nequeenim
560 891 609 944 est
624 884 727 965 culus,
755 887 807 964 qui
821 905 883 947 non
898 895 984 949 cacat
997 885 1086 968 ollm,

126 1023 129 1028 .
168 969 231 1031 Sed
246 965 361 1030 fodiam
378 967 475 1047 digito
493 969 545 1046 qui
559 974 703 1049 superest
718 968 849 1032 oculum.

120 1053 190 1116 Nec
204 1072 253 1114 me
268 1051 447 1134 zelotypum
459 1071 518 1112 nec
533 1051 648 1112 dixeris
664 1071 733 1114 esse
748 1052 929 1135 malignum:

165 1138 308 1217 lienique
321 1135 468 1219 paedica,
488 1135 697 1210 Mamuriane,
720 1144 813 1200 satur.

510 1269 615 1333 xcffl.

117 1385 266 1447 Fabricio
281 1385 403 1445 iunctus
417 1381 479 1458 tido
494 1385 663 1465 requiescit
677 1386 834 1465 Aquinus,
862 1430 864 1435 -

20 1535 25 1544 ¹
166 1469 226 1545 Qui
240 1468 328 1550 prior
340 1465 463 1547 Elysias
478 1468 592 1548 gaudet
606 1468 707 1529 adisse
723 1469 839 1532 domos.

121 1555 187 1615 Ara
202 1551 316 1632 duplex
329 1552 422 1632 primi
436 1559 569 1614 testatur
583 1573 711 1614 munera
723 1553 795 1634 pili:

165 1635 240 1696 Plus
255 1642 358 1696 tamen
372 1642 437 1713 est,
458 1635 549 1696 titulo
565 1637 647 1716 quod
664 1639 809 1697 breuiore
821 1636 918 1715 legis:

94 1721 260 1785 blanctus‘
270 1727 404 1800 uterquc
417 1737 507 1781 sacro
523 1721 674 1782 laudatae
686 1721 813 1795 foedare
827 1723 928 1798 uitae,

166 1803 332 1884 Famaque
349 1803 434 1885 quod
448 1823 521 1864 raro
538 1805 638 1884 uouit,
662 1805 781 1866 amicus
796 1813 877 1866 erat·

504 1937 611 2000 XCIV.

117 2048 260 2110 Cantasti
276 2045 372 2128 male,
394 2047 465 2110 dum
478 2049 579 2110 fututa
594 2069 645 2129 es,
663 2048 773 2129 Aegle.

121 2133 184 2193 Iam
200 2137 306 2192 cantas
320 2133 417 2228 bene3
440 2131 585 2194 basianda
599 2153 661 2193 non
677 2153 720 2195 es.

514 2281 609 2344 XGV.

122 2391 214 2470 Quod
230 2388 341 2451 clamas
356 2408 497 2472 semper,
519 2390 602 2471 quod
614 2392 777 2476 agentibus
793 2391 963 2476 obstrepis,
977 2390 1067 2474 Aeli,

164 2475 233 2535 Non
248 2474 325 2535 facis
339 2476 399 2536 hoc
413 2477 525 2554 gratis:
546 2477 674 2558 accipis,
692 2481 727 2536 ut
741 2481 853 2538 taceas.

505 2608 614 2672 xcvl.

119 2719 156 2780 Si
171 2738 234 2780 non
247 2719 410 2780 molestum
424 2728 473 2781 est
487 2728 660 2802 tequenou
675 2724 778 2803 piget,
800 2743 928 2805 scazon,

120 2803 236 2864 Nostro
251 2822 393 2884 rogamus
409 2824 504 2885 pauca
519 2808 613 2867 verba
627 2807 773 2868 Materno

120 2887 214 2948 Dicas
229 2889 262 2947 in
277 2907 382 2949 aurem
397 2890 442 2949 sic
455 2895 490 2949 ut
504 2889 608 2950 audiat
626 2889 719 2952 solus.

119 2972 249 3031 Amator
264 2970 322 3033 ille
336 2973 471 3036 tristium
485 2972 679 3034 lacernarum

93 3056 165 3116 §Et
180 3055 351 3117 baeticatus
366 3063 458 3136 atque
472 3056 727 3138 leucophaeatns,

121 3138 184 3216 Qui
199 3141 373 3202 coccinatos
387 3160 449 3201 nou
463 3148 552 3222 putat
564 3144 648 3204 viros
664 3161 733 3203 esse

47 3217 57 3232 ’
119 3224 417 3304 Amethystinasque
432 3225 596 3288 mulierum
611 3234 699 3288 vocat
711 3232 830 3308 vestes,

117 3306 229 3367 Nativa
240 3307 365 3388 laudet,
386 3310 499 3370 habeat
514 3318 546 3372 et
559 3310 637 3373 licet
650 3331 773 3392 semper

117 3391 238 3452 Fuscos
256 3391 396 3472 colores,
420 3392 559 3472 galbinos
573 3397 667 3457 habet
681 3414 793 3458 mores.

68 3475 268 3620 lolgpgabit,
289 3477 371 3538 uude
391 3480 530 3559 suspicer
544 3481 641 3568 virum
656 3477 793 3540 mollem:
855 3560 877 3621 3

156 3577 228 3622 aar.
