2426 3900
318 208 668 279 ‘EPIGRAMMAIUN
681 214 756 274 Lm.
771 213 793 275 Ι.
1040 210 1079 276 27

118 377 245 438 Mutare
259 372 414 434 dominnm
428 389 491 429 non
504 374 610 448 potest
625 365 708 430 liber
722 373 823 429 notus.

68 473 113 527 10
121 458 186 519 Sed
202 458 355 538 pumicata
369 455 474 514 fronte
489 454 516 512 si
531 454 599 531 quis
615 457 664 512 est
678 450 815 511 nondum

120 544 187 604 Nec
201 537 356 602 umbilicis
374 537 474 598 cultus
489 541 581 614 atque
600 537 791 612 membrana,

120 627 285 688 Mercare:
307 621 387 682 tales
401 621 520 694 haheo;
539 638 598 679 uec
613 621 692 679 sciet
707 620 875 699 quisquam.

120 708 235 770 Aliena
250 707 388 786 quisquis
405 704 518 764 recitat
535 709 568 763 et
582 705 663 782 petit
677 702 803 779 famam,

119 795 191 854 Non
207 809 312 851 emere
325 789 454 863 librum,
476 785 532 846 sed
547 784 705 846 silentium
720 785 822 849 debet.

501 919 623 981 LXVII.

121 1038 221 1098 Liber
235 1035 326 1095 homo
345 1033 538 1107 enormium,
562 1030 640 1089 dicis
659 1028 906 1110 mihiJGeryle,
929 1050 1059 1112 semper.

166 1121 200 1179 Iu
216 1124 247 1178 te
263 1120 317 1198 qui
332 1117 424 1194 dicit,
445 1113 579 1193 Ceryle,
597 1111 681 1173 liber
693 1115 783 1174 homo
799 1121 856 1175 est.

493 1246 627 1310 LXVIII.

122 1363 283 1444 Quidquid
297 1364 361 1442 agit
374 1362 490 1440 Rufus,
511 1358 591 1420 nihil
608 1365 657 1421 est
670 1361 731 1420 nisi
746 1361 860 1421 Naevia
872 1360 962 1420 Rufo.

167 1449 201 1509 Si
216 1446 345 1528 gaudet,
368 1447 482 1521 sitiet,
505 1445 532 1504 si
545 1451 645 1522 tacet,
666 1445 745 1504 hanc
759 1445 906 1524 quuitur.

121 1535 240 1609 Cenat,
261 1531 424 1610 propiunt,
445 1528 562 1608 poscit,
583 1533 694 1606 negat,
715 1529 832 1588 innuit:
855 1547 916 1587 una
932 1536 980 1588 est

166 1617 296 1688 Naevia3
319 1615 421 1674 sinon
437 1613 478 1671 sit
492 1611 622 1688 Naevia,
643 1618 744 1672 mutus
758 1613 828 1673 erit.

92 1701 303 1778 5Scripserat
316 1698 463 1757 hesterna
477 1696 560 1775 patri
575 1714 644 1754 cum
656 1693 727 1754 luce
743 1693 887 1756 salutem:

80 1835 86 1848 ‚
169 1784 309 1861 „Naevia
319 1781 393 1841 lux“
407 1780 510 1858 inquit
523 1779 659 1856 „Naevia
671 1779 792 1855 lumen,
816 1779 905 1841 ave.“

121 1870 213 1928 Haec
226 1865 307 1944 legit
321 1870 354 1925 et
368 1863 452 1924 ridet
467 1862 601 1922 demisso
615 1863 729 1924 Naevia
743 1863 838 1924 voltu.

168 1951 284 2010 Naevia
298 1968 361 2008 non
375 1968 436 2007 una
449 1953 514 2008 est:
537 1944 627 2024 quid,
649 1948 697 2006 vir
710 1949 835 2028 inepte,
857 1947 957 2008 furis?
1031 2013 1037 2024 ,

508 2081 614 2142 LXIX.

123 2195 257 2275 Coepit,
277 2193 429 2270 Maxime,
449 2193 533 2252 Pana
548 2196 601 2273 qui
616 2193 752 2272 solebat,
780 2230 782 2236 ν

121 2280 152 2341 N
154 2297 216 2338 unc
231 2272 399 2337 ostendere
415 2276 544 2337 Canium
558 2276 723 2339 Tarentos.

513 2423 607 2484 Lxx.

124 2537 216 2602 Vade
231 2535 394 2596 salutatum
407 2558 465 2619 pro
481 2555 546 2615 me,
567 2536 664 2597 liber:
686 2539 734 2597 ire
749 2538 866 2597 iuberis

169 2619 220 2680 Ad
233 2619 361 2681 Proculi
375 2621 510 2698 nitidos,
535 2621 691 2699 officiose,
712 2621 807 2683 lares.

124 2705 260 2782 Quaeris
275 2706 352 2783 iter,
375 2703 488 2764 dicam:
510 2707 643 2766 vicinum
657 2706 786 2766 Castora
802 2725 895 2766 canae

171 2788 334 2847 'I'ransibis
350 2789 466 2850 Vestae
480 2789 710 2867 virgiuearnque
724 2789 863 2864 domum3

97 2872 208 2936 5Inde
223 2891 311 2930 sacro
325 2871 502 2931 veneranda
515 2877 605 2952 petes
620 2871 739 2932 Palatia
754 2872 848 2952 clivo,

170 2954 308 3015 Plurima
327 2975 387 3034 qua
401 2958 509 3016 summi
523 2955 624 3035 fulget
636 2958 736 3034 imago
751 2955 847 3018 ducis.

122 3041 194 3102 Nec
207 3046 240 3098 te
255 3037 395 3099 detineat
409 3041 480 3099 miri
495 3039 612 3100 radiata
627 3039 739 3100 colossi

169 3124 255 3198 Quae
269 3122 423 3183 Rhodium
438 3123 536 3183 moles
550 3125 676 3183 vincere
691 3125 803 3202 gaudet
819 3144 904 3205 opus.

120 3208 237 3270 Flecte
251 3208 314 3266 vias
329 3209 387 3267 hac
403 3227 461 3287 qua
476 3207 590 3268 madidi
606 3214 677 3268 sunt
691 3214 775 3268 tecta
790 3208 885 3286 Lyaei

72 3305 115 3358 ιο
169 3293 212 3351 Et
227 3288 362 3369 Cyheles
379 3292 464 3370 picto
480 3299 541 3352 stat
556 3294 734 3370 Corybante
748 3299 844 3355 torus.

121 3375 275 3436 Protinus
291 3373 408 3436 alaeva
422 3373 499 3435 clari
517 3377 575 3436 tibi
588 3377 692 3435 fronte
707 3377 841 3435 Penates

171 3458 323 3537 Atriaque
338 3457 481 3519 excelsae
496 3467 567 3519 sunt
580 3458 721 3519 adeunda
735 3457 851 3520 domus.
