2500 3912
494 181 618 229 saulus
640 183 678 228 11.

154 319 221 382 Non
239 321 303 382 tulit
325 339 363 382 ex
385 319 444 380 illis
465 329 578 380 torvum
598 317 722 379 haronia
745 321 887 398 quendam

98 403 271 468 clamantem
292 405 399 464 toties:
422 403 472 464 ubi
493 422 568 463 nnnc
589 403 639 463 lex
660 400 754 464 luliai
777 401 906 464 dormis?

96 492 190 569 Atque
213 491 250 550 ita
271 488 441 548 subridens:
464 485 575 548 Felicia
596 496 744 566 tempora,
769 505 844 568 quae
867 498 896 548 te

95 574 222 635 hlorihus
244 571 408 652 opponunt!
431 570 539 632 haheat
558 573 614 631 ianr
635 570 728 632 Roma
750 572 909 650 pudorem;

95 659 208 718 Tertius
231 674 247 716 e
270 656 357 734 coelo
381 655 487 715 cecidit
509 652 598 715 cato!
620 656 673 715 sed
691 664 788 716 tamen
810 655 885 717 unde

93 742 172 802 llaec
194 742 284 817 emis,
307 740 419 800 hirsuto
441 741 552 819 spirant
574 739 764 819 opobalsama
784 740 863 801 collo

95 826 173 900 Quae
195 821 269 886 tihi?
289 843 327 884 ne
349 823 457 904 pudeat
478 823 619 884 dominum
641 833 804 885 monstrare
825 823 975 885 tabernae.

95 910 176 983 Quod
199 910 224 968 si
240 917 383 969 vexantur
403 909 505 985 leges,
525 917 554 968 at
576 910 638 968 iure
661 909 743 968 citari

94 994 166 1054 hnte
188 1010 290 1053 omnes
312 992 400 1052 dehet
416 991 580 1063 Scantinia;
615 993 734 1070 respice
754 993 875 1070 primum

93 1077 129 1136 Et
148 1087 281 1138 scrutare
301 1078 399 1137 viros:
421 1075 531 1136 iaciunt
554 1075 584 1136 hi
606 1076 706 1154 plura,
730 1075 784 1134 sed
803 1075 872 1135 illos

93 1160 229 1222 Defendit
250 1177 386 1221 numerus
408 1162 585 1239 iunctaeque
607 1159 733 1219 umbone
756 1157 927 1237 phalanges.

92 1243 194 1323 hlagna
215 1246 292 1304 inter
313 1244 418 1306 molles
441 1245 614 1313 concordia;
637 1260 694 1303 non
716 1245 771 1303 erit
793 1241 882 1304 ullum

91 1327 264 1408 Exemplum
286 1330 315 1388 in
337 1339 438 1388 nostro
461 1339 517 1390 tam
537 1327 712 1390 detestabile
730 1346 812 1387 sexu.

91 1412 180 1474 Vedia
201 1429 261 1473 non
283 1412 384 1473 lambit
406 1410 537 1474 Cluviam
559 1431 615 1472 nec
637 1410 724 1473 Flora
748 1410 906 1472 Catullam:

90 1496 178 1576 Hispo
199 1497 278 1558 subit
296 1498 417 1558 iuvenes
441 1505 470 1557 et
491 1495 592 1556 morbo
610 1496 702 1576 pallet
724 1505 858 1574 utroque.

90 1579 233 1662 Numquid
254 1599 309 1640 nos
332 1583 444 1658 agimus
468 1599 588 1656 causas,
613 1581 708 1642 civilia
732 1581 793 1640 iura

90 1664 244 1741 Novimus,
266 1665 396 1726 autulio
419 1666 542 1744 strepitu
565 1665 628 1725 lora
650 1672 749 1724 vestra
772 1660 940 1724 movemusi

90 1747 244 1810 Luctantur
267 1766 408 1828 paucae‚·
421 1749 575 1809 comedunt
587 1749 724 1828 colyphia
744 1765 872 1827 paucae:

92 1832 151 1892 Vos
172 1833 269 1894 lanam
292 1832 403 1893 trahitis
427 1833 609 1913 calathisque
632 1842 753 1912 peracta
772 1832 891 1892 refertis

89 1915 225 1992 Vellera,
248 1934 304 1977 vos
327 1918 406 1977 tenui
427 1927 618 1996 praegnatem
640 1919 761 1978 stamine
783 1915 878 1976 lusum

90 1999 236 2079 Penelope
259 1999 382 2076 melius,
405 2001 499 2060 levius
520 2003 664 2079 torquetis
686 2001 840 2074 Arachne,
948 2067 951 2072 ¹

89 2082 211 2146 llorrida
234 2083 323 2165 quale
347 2085 417 2144 iacit
437 2084 572 2145 residens
594 2087 623 2145 in
641 2083 745 2146 codice
767 2083 876 2163 pellex.

89 2166 191 2229 Notum
216 2179 279 2245 est,
304 2187 357 2229 cnr
378 2168 443 2230 solo
466 2169 579 2230 tabulas
600 2169 768 2248 impleverit
788 2167 887 2229 Hister

89 2250 222 2330 liberto,
247 2253 364 2313 dederit
384 2253 467 2312 vivus
487 2269 538 2312 cur
556 2252 644 2313 multa
665 2252 793 2331 puellae.

89 2333 177 2397 Dives
200 2337 273 2413 erit,
293 2353 397 2414 magno
418 2354 494 2415 quac
517 2336 621 2396 dormit
642 2337 728 2395 tertia
748 2335 838 2395 lecto.

91 2417 131 2478 Tu
150 2420 228 2480 nube
251 2428 339 2499 atque
361 2429 444 2481 tace:
465 2420 572 2480 donant
592 2436 698 2480 arcana
720 2418 877 2493 cylindros.

89 2501 132 2561 lle
154 2503 241 2564 nohis
262 2512 330 2582 post
351 2503 427 2564 haec
447 2499 538 2563 tristis
561 2504 704 2564 sententia
725 2502 832 2570 iertur;

89 2583 143 2646 Dat
162 2589 280 2648 veniam
301 2589 416 2663 corvis,
438 2598 527 2649 vexat
548 2605 671 2648 censura
695 2586 853 2647 columbas.

148 2669 300 2749 Fugerunt
321 2671 428 2751 trepidi
450 2690 521 2732 vera
543 2691 579 2733 ac
599 2673 752 2733 manifesta
775 2680 926 2732 canentem

90 2754 253 2823 Stoicidae:
284 2755 353 2835 quid
376 2756 452 2816 enim
471 2755 538 2816 lalsi
559 2752 703 2817 hanonia?
727 2754 780 2815 sed
804 2756 871 2834 quid

90 2835 152 2896 Non
172 2837 284 2899 facient
306 2840 369 2917 alii,
394 2859 478 2918 quun]
500 2849 529 2900 tn
552 2841 679 2900 multicia
699 2857 811 2915 snmus,

93 2915 225 2999 Gratius,
249 2931 279 2983 et
296 2921 371 2984 hanc
393 2933 507 2984 uestem
529 2924 641 3003 populo
662 2925 783 2984 mirante
802 2940 928 3001 perores

90 3001 120 3062 ln
140 3003 281 3067 Proculas
304 3016 334 3067 et
353 3004 508 3067 Pollittas?
537 3017 583 3069 est
604 3007 727 3069 moecha
747 3006 882 3067 Fabulla:

90 3084 263 3166 Damnetur,
287 3092 312 3150 si
334 3092 394 3166 vis,
420 3093 505 3152 etiam
528 3089 669 3154 Carfinia:
693 3092 782 3152 talem

92 3165 152 3231 Non
174 3182 269 3234 sumet
290 3174 422 3236 damnata
443 3183 551 3254 togam.
567 3205 611 3221 —-
630 3173 690 3234 Sed
711 3174 800 3235 lulius
822 3175 922 3252 ardet,

92 3251 210 3316 hestuo.
222 3255 375 3318 *Nudus
387 3275 473 3336 agas:
495 3261 587 3318 minus
598 3267 644 3318 est
652 3261 761 3319 insania
784 3259 890 3337 turpis!

92 3331 132 3398 Eu
151 3338 298 3418 habitum,
319 3359 376 3422 quo
399 3353 428 3403 te
452 3341 538 3420 leges
560 3361 595 3404 ac
618 3343 681 3403 iura
702 3344 846 3403 lerentem

91 3415 265 3484 Vulneribus
286 3426 383 3488 crudis
404 3427 530 3505 populus
551 3428 639 3487 modo
659 3428 754 3487 victor
775 3436 803 3487 et
825 3425 897 3486 illud
