2528 3876
365 188 793 256 numerumnunerum.
812 191 888 252 xnr.
996 241 1000 248 .
1084 192 1145 262 311
1252 224 1253 260 1

415 390 522 450 XXXI.
550 389 667 450 aneua
687 389 839 454 Vestinus.
937 434 939 438 -

192 505 226 565 Si
240 504 307 564 siue
323 520 416 564 earne
432 499 517 562 velen
531 499 686 562 Ieutaeula
700 519 823 562 numere
837 501 937 578 frugi,

231 588 317 648 Haec
331 587 389 648 tibi
405 585 534 648 VenIIno
551 583 590 646 de
604 603 700 665 grege
715 604 812 646 mansa
825 585 919 646 venit.

417 719 539 782 XXXII.
564 718 683 780 Gerena
691 720 844 799 fermenne.

189 819 258 881 Nun
273 837 484 898 quemcunque
502 818 622 894 inrum,
643 835 703 877 nee
716 818 831 877 furnum
846 836 953 879 eaaeua
967 836 1105 896 ornnem,

231 901 296 964 Sed
310 900 535 965 Velabrensem
550 902 607 981 qui
617 902 712 978 bibit,
734 899 789 962 ille
803 903 891 982 sapit.

402 1036 537 1098 XXXIII.
562 1034 655 1096 Gnaei
673 1035 849 1096 Trebulani.

191 1131 329 1196 Trebula
343 1153 400 1194 noa
415 1135 538 1212 genuit3
560 1132 754 1195 commendat
767 1133 865 1212 gratia
880 1132 1010 1215 duplex,

231 1219 303 1279 Siue
316 1215 379 1278 levi
394 1219 530 1296 flamma,
552 1219 616 1278 eive
631 1217 790 1278 domamur
804 1237 891 1298 aqua.

437 1349 444 1364 '
494 1352 631 1415 XXXIV.
655 1352 760 1416 Bulbi.

190 1453 267 1512 cnm
281 1454 323 1512 sit
337 1471 411 1513 anne
427 1453 560 1512 coniunx
573 1458 608 1511 et
622 1453 685 1511 siut
697 1452 756 1512 tibi
769 1456 890 1510 mortua
904 1451 1049 1522 membra,
1118 1425 1121 1432 ¹

230 1535 283 1597 Nil
298 1535 380 1597 aliud
395 1533 601 1614 nullunquam
616 1542 702 1595 eatur
716 1552 786 1594 ease
800 1539 900 1613 putea.
918 1555 925 1564 ·

457 1669 581 1732 XXXV.
605 1670 793 1731 Lucanicae.

190 1768 271 1830 Filia
284 1768 419 1830 Picenae
434 1770 525 1830 venio
539 1768 692 1830 LneanIca
705 1785 835 1850 pereae:

231 1851 374 1913 I'nltibna
388 1854 461 1913 hiue
476 1855 574 1915 niuei·
589 1860 676 1933 gruta
692 1871 804 1914 corona
820 1851 918 1913 datur.

390 1987 528 2050 XXXVI.
554 1985 682 2048 orateur
698 1988 857 2047 olivarum.

188 2085 293 2161 Haec,
316 2103 393 2162 qnae
410 2085 533 2145 Picenis
547 2085 633 2144 venit
648 2083 797 2144 subducta
811 2087 959 2166 trapetis,

229 2167 357 2226 Inchoat
372 2174 464 2246 atque
482 2167 589 2228 eadem
603 2168 673 2226 iinii
686 2165 765 2226 uliae
779 2167 884 2248 dapes.

433 2301 584 2363 XXXVII.
607 2300 696 2360 Mala
711 2303 818 2362 citrea.

189 2399 252 2458 Aut
267 2398 434 2478 Corcyraei
451 2405 522 2460 aunt
537 2400 614 2459 haee
630 2398 669 2458 de
683 2397 847 2460 frondibus
862 2400 961 2478 horti,

230 2484 294 2543 Aut
308 2483 386 2544 haee
401 2482 532 2564 Massyli
547 2503 637 2566 poma
654 2481 795 2542 draconis
812 2491 910 2545 erant.

436 2617 600 2681 XXXVIII.
626 2619 813 2680 Colustrum.

188 2715 346 2797 Surripuit
359 2722 467 2796 pastor
485 2734 562 2796 quae
577 2714 713 2776 nondum
728 2717 879 2776 etantibna
894 2711 1002 2776 haedis

228 2799 275 2861 De
288 2801 389 2880 prirnn
405 2806 534 2860 matrum
546 2797 630 2860 lacte
647 2797 783 2861 colostra
797 2799 911 2860 damus.

470 2933 607 2994 XXXIX.
632 2934 772 2995 Haedua.

187 3032 346 3093 Laneirum
360 3049 457 3112 pecua
472 3038 506 3092 et
520 3030 613 3092 viridi
629 3051 690 3093 non
705 3031 783 3092 ntiIe
797 3031 918 3092 Baccho

230 3117 292 3178 nea
304 3134 439 3198 poenaa;
460 3117 567 3177 nocuit
583 3117 642 3176 iarn
658 3122 749 3177 tener
763 3115 818 3176 ille
833 3115 902 3178 den.

542 3249 605 3312 XL.
630 3251 705 3312 Ora.

188 3347 324 3409 candida
339 3350 366 3408 aI
379 3367 507 3410 eroeeoa
521 3349 705 3410 circumfluit
718 3348 799 3409 nude
811 3345 952 3424 vitellos,

228 3431 400 3512 Hesperius
415 3433 548 3494 scombri
562 3438 718 3512 temperet
734 3452 789 3493 ova
802 3431 907 3512 liquor
