2460 3878
137 223 201 288 284
463 224 853 288 M.vAL.MA11T1nL1s

641 426 678 488 V.

218 555 355 634 Longior
368 551 524 614 undecimi
537 555 627 613 uobis
643 551 816 634 decimique
830 553 934 618 libelli

262 640 388 699 Αιιιιιιι
401 636 490 698 lubor
506 643 554 697 est
568 643 601 696 et
614 637 709 697 breve
724 640 801 700 rosit
815 659 900 720 opus.

220 721 313 784 Plura
327 720 432 801 legunt
442 723 546 798 vucui,
566 721 676 800 quibus
691 723 754 781 otiu
770 728 836 782 tutu
852 721 985 804 dedisti3

262 806 347 866 Huec
361 804 433 884 lege
448 810 498 882 ιιι,
519 805 652 879 ccccm
672 804 777 865 forsan
792 812 825 866 et
840 805 895 868 illu
910 808 1011 890 leges.

631 968 682 1030 Vl.

221 1097 359 1177 Contigit
372 1099 525 1160 Ausoniae
539 1115 704 1178 procerum
718 1097 894 1157 mitissimus
909 1097 1000 1160 sulse

261 1180 378 1256 Nervs;
398 1179 474 1242 licet
488 1189 554 1242 toto
570 1200 650 1240 uunc
668 1178 822 1240 Helicone
836 1180 908 1243 irui.

220 1264 316 1324 ltectu
329 1264 443 1341 Fides,
464 1262 574 1323 hilaris
590 1263 781 1340 clementis,
803 1270 891 1324 cunta
903 1265 1052 1328 Potestas

260 1346 321 1406 lum
336 1346 484 1408 redeunt:
505 1345 592 1426 longi
605 1354 693 1425 tergo
707 1345 825 1407 dedere
837 1348 952 1408 Metus.

196 1431 287 1491 5Hoc
300 1429 406 1512 populi
420 1437 590 1511 gentesque
605 1436 695 1509 tuue,
713 1432 765 1511 piu
777 1431 889 1509 Romu,
909 1442 1098 1512 precantur:
1227 1485 1228 1490 ,

260 1515 327 1576 Dux
340 1517 399 1577 tibi
413 1517 454 1576 rit
468 1534 592 1596 semper
605 1513 692 1592 tulis,
714 1520 748 1574 et
759 1515 819 1574 iste
835 1514 896 1575 diu.
1227 1549 1228 1576 i

219 1600 324 1660 Macte
339 1601 447 1678 animi,
469 1617 559 1681 quem
574 1617 662 1658 rurus
678 1599 790 1675 hebes,
811 1617 993 1677 morumque
1009 1607 1152 1681 tuorum,
1227 1645 1228 1648 κ

261 1684 345 1759 Quos
359 1683 471 1761 Numa,
495 1703 571 1763 quos
585 1681 695 1742 hiluris
709 1688 817 1762 posset
829 1683 946 1742 hebere
962 1684 1053 1745 Crto.

220 1767 358 1844 horphi,
379 1773 555 1847 praestum,
575 1767 686 1826 breves
702 1764 871 1826 extendere
886 1785 999 1827 census

178 1860 212 1912 10
259 1850 301 1910 Ει
316 1847 391 1910 dure
408 1869 485 1930 quue
501 1849 609 1911 faciles
622 1851 671 1909 vix
685 1851 825 1911 tribuere
840 1849 907 1928 dei,

219 1934 306 1994 Nunc
320 1933 396 1994 licet
410 1934 502 1994 etius
517 1940 574 1996 est.
605 1927 668 1994 S'ed
681 1938 716 1992 tu
730 1935 786 1994 sub
801 1935 944 2014 principe
960 1932 1040 1994 duro

261 2018 529 2098 Temporibusque
544 2015 632 2077 mulis
648 2035 737 2077 ansus
752 2035 785 2077 es
802 2034 871 2077 esse
887 2020 998 2079 bouus.

220 2324 301 2385 Toto
315 2326 433 2385 vertice
449 2333 523 2405 quot
538 2325 620 2402 gerit
634 2321 777 2404 capillos,

218 2409 323 2468 Annos
340 2410 366 2469 si
380 2417 428 2469 tot
443 2409 537 2469 habet
550 2408 653 2487 Ligiu,
674 2407 764 2466 trimo
781 2417 838 2466 cst.

624 2201 687 2262 Vll.

609 2590 686 2652 Vlll.

218 2714 387 2776 Terrtrum
402 2713 460 2775 deu
475 2715 672 2794 gentiumque
688 2715 799 2793 Romu,

215 2800 274 2860 (lui
289 2820 346 2880 pur
360 2806 409 2860 est
422 2799 505 2872 nihil
513 2803 546 2859 ct
558 2797 638 2858 nihil
652 2797 834 2876 secundum,

217 2884 344 2944 'Pruiuni
358 2883 449 2944 modo
462 2882 545 2942 laets
558 2901 627 2942 cum
640 2881 760 2941 iuturus

218 2967 282 3027 Tot
295 2986 353 3047 per
369 2966 491 3026 saecula
505 2970 696 3046 computsret
714 2983 825 3042 runos,

194 3051 259 3112 5Et
271 3050 385 3110 fortem
400 3051 603 3129 iuvenemque
619 3048 828 3128 Martiumque

217 3136 250 3196 ln
266 3140 352 3194 tauto
368 3133 446 3192 duce
460 3131 590 3192 militem
605 3131 743 3210 videret,

214 3220 299 3279 Dixit
313 3214 457 3299 praeside
473 3214 607 3294 glorioso
620 3215 691 3276 sali:

215 3303 422 3378 „Parthorum
438 3317 586 3380 proceres
602 3298 756 3377 ducesque
774 3297 901 3373 Serum,

216 3383 371 3460 Thraces,
394 3383 609 3459 Ssuromutue,
631 3381 746 3460 (letne,
768 3381 926 3457 Britanni,

172 3471 206 3520 10
213 3461 340 3520 Possum
356 3463 523 3522 ostendere
538 3463 719 3537 Gaesarem
741 3463 877 3523 senite.“
