2500 3912
438 205 563 274 suumn
585 227 637 272 111.

68 367 135 428 Nunc
153 368 225 428 sacri
245 367 331 427 fontis
351 383 454 425 nemus
476 376 506 425 et
531 363 653 426 delubra
674 366 805 426 locantur

67 452 181 527 ludaeis,
203 469 321 529 quorum
343 449 485 529 cophinus
507 448 682 527 foenumque
703 449 853 529 supellex3

69 534 165 611 (Omnis
182 535 255 594 euim
276 534 385 615 populo
406 533 574 593 mercedem
593 534 725 611 pendere
747 535 826 595 iussa
848 544 893 596 est
1000 547 1032 601 15

67 619 162 693 Arbor,
182 628 211 679 et
230 619 330 679 eiectis
351 617 497 679 mendicat
514 617 587 677 silva
611 615 777 698 Camenis3)

66 700 202 762 invallem
222 701 348 780 Egeriae
371 701 576 762 descendimus
599 711 629 762 et
650 701 805 780 speluncas

66 785 209 846 dissimiles
229 788 323 846 veris:
347 795 453 864 quanto
474 787 659 864 praesentius
683 796 764 847 esset

66 869 159 929 Numen
177 889 285 949 aquae,
307 870 393 930 viridi
411 871 436 929 si
456 870 585 947 margine
609 870 759 932 clauderet
780 869 870 931 undas

67 952 147 1014 Herba
165 972 218 1014 nec
239 955 393 1032 ingenuum
414 953 559 1014 violarent
580 970 723 1014 marmora
743 954 847 1014 tolum!
998 966 1033 1018 20

66 1036 108 1094 Hic
122 1045 181 1096 tunc
200 1037 380 1098 Umbricius:
411 1036 532 1112 Quando
556 1037 682 1113 artibus,
706 1039 811 1116 iuquit,
832 1037 963 1098 honestis

65 1117 151 1179 Nullus
169 1121 195 1180 iu
215 1121 287 1182 urbe
310 1121 411 1198 locus,
435 1122 514 1182 nulla
534 1122 729 1182 emolumenta
751 1120 893 1197 laborum,

65 1202 113 1262 Res
132 1203 213 1266 bodie
235 1207 329 1267 minor
351 1215 413 1281 est,
439 1205 513 1288 bere
535 1223 619 1284 quam
641 1205 709 1281 fuit,
732 1215 818 1284 atqua
842 1206 943 1267 eadem
966 1223 1030 1266 cras

64 1287 168 1348 beteret
186 1291 297 1368 exiguis
319 1290 443 1369 aliquid:
468 1291 657 1368 proponimus
679 1288 749 1350 illuc

64 1369 114 1447 lre,
131 1372 258 1451 fatigatas
280 1375 331 1434 ubi
352 1374 500 1436 Daedalus
522 1375 602 1433 exuit
624 1373 696 1434 alas.
996 1386 1030 1438 ab

63 1453 122 1514 bum
141 1473 212 1517 nova
234 1460 374 1534 canities,
396 1459 461 1518 dum
481 1459 573 1536 prima
595 1467 624 1518 ct
641 1467 724 1518 recta
746 1467 894 1534 senectus,

63 1537 122 1598 llum
140 1550 270 1620 superest
294 1543 420 1603 Lachesi
443 1542 521 1620 quod
543 1550 694 1621 torqueat,
720 1541 894 1621 etpedibus
916 1561 961 1603 me

63 1621 132 1683 Porto
152 1627 235 1700 meis,
257 1626 338 1687 nullo
362 1626 493 1686 dextram
514 1625 655 1686 subeunte
676 1624 796 1704 bacillo,

63 1703 185 1768 Cedamus
204 1713 313 1788 patria:
336 1711 433 1770 vivant
453 1709 588 1770 Artorius
608 1711 674 1769 istic

63 1788 91 1846 llt
110 1789 233 1862 Catulum
256 1802 409 1870 maneant,
434 1795 482 1872 qui
504 1795 616 1871 nigrum
637 1795 666 1853 in
688 1795 809 1856 candida
831 1802 956 1870 vertunt,
995 1804 1030 1858 30

63 1872 138 1944 Qneis
157 1877 241 1937 facile
264 1887 311 1938 est
333 1878 437 1938 aedem
460 1878 644 1955 conducere,
668 1878 797 1956 flumina,
821 1887 932 1957 portus,

62 1958 210 2021 siccandam
231 1963 372 2038 eluviem,
394 1962 565 2040 portandum
584 1962 620 2023 ad
642 1962 725 2023 busta
749 1962 884 2039 cadaver,

61 2038 90 2101 llt
106 2043 241 2120 praebere
264 2054 353 2126 caput
374 2045 488 2106 domina
508 2046 612 2107 venale
637 2046 689 2107 sub
711 2047 802 2106 basta.

62 2122 191 2195 Quondam
212 2129 240 2190 bi
265 2131 431 2191 cornicines
454 2137 484 2190 et
504 2130 685 2210 municipalis
708 2149 816 2192 arenae

60 2206 178 2288 Perpetui
199 2217 323 2275 comites
343 2223 489 2293 notaeque
511 2232 565 2294 per
587 2215 694 2294 oppida
715 2215 827 2276 buccae

61 2288 160 2355 llunera
181 2315 253 2358 nunc
277 2298 382 2374 edunt,
409 2307 438 2358 et
456 2315 544 2378 repso
569 2298 679 2378 pollice
700 2298 806 2374 vulgus

61 2373 137 2445 Quem
157 2380 235 2442 iubet
257 2382 395 2442 occidunt
415 2382 610 2462 populariter:
633 2381 700 2440 iude
721 2381 835 2441 reversi

62 2454 363 2540 concumbentem
391 2475 420 2527 et
442 2485 493 2526 our
509 2483 566 2526 non
589 2462 706 2525 omnia?
729 2483 815 2546 qqqm
838 2464 905 2541 sint,

61 2539 153 2612 Quales
173 2567 209 2608 ex
230 2548 330 2610 bumili
353 2569 456 2628 magua
477 2551 514 2611 ad
535 2550 651 2628 fastigia
672 2567 768 2610 rerum

60 2621 178 2707 Extollit,
201 2635 316 2711 quoties
337 2635 429 2695 voluit
438 2633 562 2695 Fortuna
581 2633 683 2694 iocari.

62 2705 123 2778 Quid
142 2711 248 2777 Romae
271 2715 397 2778 faciam?
420 2719 532 2778 mentiri
554 2721 674 2792 nesci03
697 2717 811 2793 librum,

62 2791 85 2848 Si
104 2796 186 2859 malus
207 2810 269 2878 est,
290 2818 407 2881 nequeo
428 2802 546 2862 laudare
569 2812 598 2863 et
620 2819 764 2882 poscere3
787 2809 882 2880 motus

63 2873 193 2942 bstrorum
213 2886 332 2962 ignoro余
352 2886 437 2946 lunas
459 2888 630 2965 promittere
653 2887 743 2964 patris

62 2954 112 3019 Nec
130 2967 194 3026 volo
215 2986 271 3030 uec
294 2987 428 3048 possum余
451 2988 583 3032 ranarum
603 2971 719 3030 viscera
740 2985 892 3048 numquam

63 3037 178 3122 Inspexi余
198 3051 278 3114 ferre
299 3054 336 3114 ad
358 3063 492 3133 nuptam,
515 3073 590 3133 quae
611 3054 696 3114 mittit
717 3052 840 3129 adulter,

65 3121 131 3193 Quae
148 3135 273 3214 mandat,
296 3146 402 3198 norunt
423 3137 487 3211 alii余
508 3157 554 3199 me
577 3154 662 3198 nemo
683 3139 813 3198 ministro

65 3203 109 3266 lor
125 3217 189 3294 erit,
212 3229 297 3299 atque
318 3221 386 3282 ideo
408 3222 478 3283 nulli
500 3241 600 3283 comes
621 3239 716 3299 exeo,
739 3231 883 3299 tamquam

65 3285 164 3390 lhpcus
182 3311 211 3362 et
233 3307 394 3366 exstinctae
418 3324 525 3386 corpus
549 3325 607 3366 non
631 3307 700 3367 utile
723 3305 854 3366 dextrae.

67 3369 123 3442 Quis
141 3398 211 3446 uuuc
233 3388 372 3468 diligitur,
393 3391 447 3450 nisi
469 3391 621 3465 conscius,
645 3398 674 3450 et
697 3391 742 3449 cui
764 3389 883 3449 feruens

67 3451 168 3527 Aestuat
188 3472 308 3533 occultis
323 3476 433 3535 animus
455 3493 630 3554 semperque
653 3469 806 3533 tacendis?
