2460 3878
122 224 185 288 262
452 223 498 286 Μ.
515 221 608 286 VAL.
624 225 746 285 MART
747 224 852 286 mnis

209 380 285 440 Cum
301 383 404 438 tamen
418 377 552 438 instaret
567 374 718 456 „deciens
732 379 809 439 milri
824 378 906 442 dotis
921 384 955 442 in
969 403 1048 444 auro

249 462 370 542 Sponsa
385 459 496 523 debis“
510 460 589 522 dlxi:
612 459 687 540 quid
700 463 802 523 miuus
819 483 888 526 esse
903 470 1034 547 potest?

186 546 298 626 5„Noc
311 547 430 607 futuam
445 547 582 623 quamvls
595 547 696 626 prima
710 553 743 607 te
759 555 853 609 nocte
868 553 1015 631 maritus,

98 654 104 662 ·
161 657 171 670 -·
250 631 428 692 Communis
443 636 546 690 tecum
560 649 619 691 nec
635 631 710 691 milri
726 629 831 693 lectus
847 636 925 709 erit;

209 714 468 796 Complectarque
482 733 598 793 meam,
617 733 677 776 nec
690 720 725 775 tu
737 718 938 798 prohibebis,
963 723 1111 801 amicam,

250 798 403 861 Ancillam
416 800 521 860 mittes
536 799 658 859 etmihi
672 801 755 860 iussa
768 808 860 862 tuam.

208 886 258 948 'le
273 890 435 965 spectante
451 882 537 945 dabit
551 885 641 944 nobis
654 883 768 944 lasciva
781 887 926 947 minister

167 978 202 1032 10
249 970 356 1049 Rosia,
375 969 441 1028 sive
455 986 558 1047 meus,
580 969 644 1028 sive
660 969 724 1028 erit
737 966 795 1029 ille
812 976 891 1032 tuus.

208 1054 258 1116 tid
273 1073 381 1116 conam
394 1053 518 1130 venies,
541 1051 598 1114 sed
612 1054 656 1112 sic
672 1050 769 1114 divise
781 1057 964 1133 recumbes,

250 1139 294 1200 Ut
308 1157 371 1198 non
385 1143 552 1216 tangantur
562 1135 658 1218 pallia
671 1143 778 1199 nostra
795 1141 865 1200 tuis.
929 1184 937 1203 .

210 1221 324 1285 Oscula
337 1242 409 1282 rara
423 1220 512 1283 dabis
525 1223 616 1282 nobis
631 1228 664 1282 et
677 1240 740 1282 non
759 1221 845 1284 dabis
861 1221 966 1298 ultro;

250 1307 315 1366 Nec
330 1306 417 1385 qussi
430 1314 526 1387 nupta
541 1305 644 1385 dabis,
666 1303 723 1367 sed
738 1308 825 1384 qussi
839 1315 941 1368 mater
956 1327 1043 1370 anus.

170 1402 201 1454 15
210 1392 242 1452 Si
258 1396 348 1473 potes
363 1391 423 1452 ista
435 1392 517 1471 pati,
540 1392 567 1451 si
581 1389 628 1451 nil
639 1391 785 1472 perferre
799 1410 942 1470 recusas,

249 1476 391 1536 Invenies
407 1476 460 1555 qui
474 1480 508 1535 te
524 1475 655 1554 ducere,
678 1474 759 1554 Sila,
781 1474 890 1537 velit.“

597 1609 709 1676 XXlV.

209 1711 287 1770 Dum
302 1716 334 1770 te
347 1728 521 1791 prosequor
540 1715 573 1769 et
587 1708 710 1770 domum
724 1707 856 1785 reduco,

208 1797 325 1855 Aurem
340 1792 412 1855 dum
426 1795 484 1854 tibi
498 1801 624 1874 praesto
639 1795 806 1873 garrienti,

186 1919 189 1924 -
208 1880 250 1940 Et
264 1878 415 1959 quidquid
428 1880 567 1956 loqueris
582 1879 721 1958 facisque
736 1877 845 1956 laudo,

210 1965 293 2042 Quot
307 1983 413 2025 versus
428 1970 590 2044 poterant,
612 1961 760 2042 Labulle,
781 1963 889 2024 nasci?

187 2049 279 2110 5Hoc
296 2047 438 2109 damnum
453 2049 510 2108 tibi
525 2067 588 2108 non
601 2046 826 2125 videturesse,

210 2133 244 2193 Si
260 2131 343 2212 quod
357 2134 452 2194 Roma
468 2131 563 2212 legit,
585 2133 720 2212 requirit
735 2133 866 2212 hospes,

210 2217 278 2278 Nou
292 2217 419 2280 'deridet
433 2236 547 2298 eques,
566 2223 656 2278 tenet
668 2223 811 2295 senator,

210 2302 330 2363 Laudat
344 2301 533 2380 causidicus,
555 2308 650 2382 poeta
663 2302 779 2382 carpit,

209 2388 345 2468 Propter
360 2393 393 2447 te
406 2387 513 2468 periti
534 2387 594 2446 hoc
608 2383 757 2463 Labulle,
775 2403 882 2446 verum
897 2385 971 2445 est‘t

169 2473 276 2535 10Hoc
293 2473 451 2551 quisquam
467 2473 565 2550 ferat,
584 2477 619 2530 ut
634 2471 693 2531 tibi
705 2476 829 2530 tuorum

211 2557 259 2615 Sit
274 2557 371 2616 maior
386 2574 532 2616 numerus
547 2554 771 2635 togatulorum,

210 2641 374 2700 Librorum
389 2640 465 2700 mihi
482 2642 522 2700 sit
538 2640 639 2700 minor
653 2639 814 2699 meorum?

109 2780 113 2786 .
213 2725 472 2805 Triginta‘prope
487 2725 547 2785 iam
564 2722 673 2785 diebus
688 2743 748 2783 una
762 2730 812 2783 est

211 2809 308 2870 Nobis
326 2810 438 2890 pagina
449 2809 499 2869 vix
512 2812 648 2890 peracta.
681 2808 732 2868 Sic
747 2809 799 2884 lit,

57 2920 59 2924 ·
172 2905 204 2956 15
212 2895 289 2954 (lum
305 2912 418 2954 censre
434 2891 517 2954 domi
531 2899 625 2974 poeta
636 2911 699 2952 non
713 2889 788 2952 volt.

605 3006 701 3069 XXV.

213 3107 270 3169 illa
284 3106 368 3168 salax
382 3109 527 3185 nimium,
548 3124 607 3168 nec
622 3106 728 3187 paucis
745 3110 820 3165 nota
833 3103 945 3185 puellis

256 3193 346 3254 Stare
362 3192 440 3252 Lino
456 3190 540 3252 desit
553 3189 699 3254 mentula.
727 3189 863 3268 Lingua,
883 3206 966 3249 cave.

598 3309 707 3371 XXVl.

213 3405 329 3465 0milri
345 3413 432 3484 grata
446 3407 551 3483 quies,
575 3427 592 3467 o
608 3404 738 3484 blanda,
761 3405 977 3487 Telesphoro,
1000 3427 1095 3488 cura,

254 3485 362 3563 Qualis
378 3488 411 3545 in
426 3487 568 3567 amplexu
583 3508 645 3548 non
660 3489 720 3549 luit
735 3496 807 3550 unte
823 3506 909 3549 meos
