2392 3888
88 165 149 228 190
369 197 372 202 ·
411 164 455 226 M.
472 162 564 225 VAL.
581 161 806 223 MARTIALIS

170 313 296 378 Excidit
310 314 442 374 attonito
456 315 579 394 pinguis
596 312 725 374 Galatea
740 323 868 394 poetae,

216 396 377 478 Thestylis
392 405 425 458 et
439 400 547 458 rubras
563 399 713 458 messibus
730 406 798 458 usta
814 417 922 476 genos:

73 507 75 512 ·
171 484 317 543 Protinus
332 483 466 542 lranrnn
483 483 627 562 concepit
643 489 676 541 et
690 501 778 542 anna
795 500 971 560 vinumque,

128 575 163 628 20
213 567 272 642 Qui
288 565 379 626 modo
394 567 443 625 vix
460 564 599 626 Culicem
614 565 745 625 fleverat
759 585 814 625 ore
829 565 908 625 rudi.

173 649 254 726 Quid
269 651 380 712 Varios
395 650 580 727 Marsosque
594 648 704 727 loquar
720 648 877 728 ditataque
892 655 995 710 vatum

213 735 360 811 Nomina,
380 752 506 811 magnus
522 734 584 793 erit
599 752 675 811 quos
691 751 855 793 numerare
868 731 981 794 labori

170 819 254 896 Ergo
270 836 327 896 ego
342 814 519 894 Vergilius,
541 818 567 875 si
583 835 711 877 munera
724 817 916 877 Maecenatis

213 901 276 962 Des
292 902 390 961 mihi?
419 899 575 979 Vergilius
589 919 652 959 non
666 918 741 978 ero,
763 900 885 960 Marsus
902 919 968 961 ero.

566 1013 658 1077 LVII.

174 1110 256 1171 Tres
271 1112 379 1170 hahuit
395 1110 524 1189 dentes,
546 1114 664 1192 pariter
679 1131 756 1191 qnos
772 1113 878 1192 expuit
893 1130 1021 1190 omncs,

216 1193 266 1254 Ad
281 1193 430 1254 tumulum
445 1195 557 1255 Picens
573 1195 644 1255 dnm
659 1194 749 1256 sedet
763 1196 830 1275 ipse
845 1215 949 1271 suum3

174 1277 373 1356 Collegitque
388 1280 457 1338 elnn
471 1279 645 1358 fragmenta
660 1281 822 1340 novissima
833 1277 896 1339 laxi

215 1362 287 1422 Oris
303 1369 336 1421 et
351 1368 476 1441 aggesta
493 1362 712 1423 contumulavit
727 1363 829 1424 humo.

151 1447 255 1508 50ssa
268 1443 345 1507 licet
363 1445 516 1525 quondam
531 1445 671 1507 defuncti
686 1466 747 1507 non
764 1446 849 1525 legat
862 1448 971 1506 ireres:

215 1531 284 1590 Hoc
299 1531 358 1592 sibl
373 1533 432 1590 iam
447 1531 560 1591 Picens
575 1532 733 1611 praestitit
751 1531 894 1616 officinm.

562 1642 666 1704 LVlll.

173 1734 251 1795 (ium
264 1735 323 1794 tibi
338 1740 399 1795 tam
417 1751 538 1794 crassae
552 1735 630 1810 sint,
652 1731 868 1809 Artemidoro,
884 1731 1053 1817 lacernae,
1187 1793 1188 1796 ,

216 1818 336 1879 Possim
351 1825 384 1879 te
399 1817 537 1895 Sagarim
552 1819 619 1877 iure
633 1835 743 1877 vocare
760 1834 837 1877 meo.
1187 1813 1188 1897 l

568 1927 647 1991 LIX.

171 2024 293 2103 Aspicis
308 2023 389 2082 lrunc
407 2041 467 2081 uno
483 2027 660 2081 contentum
676 2020 807 2100 lumine,
830 2022 914 2082 cuius
1186 2083 1187 2092 χ

213 2106 313 2187 Lippa
327 2108 382 2166 snb
399 2107 505 2165 attrita
520 2105 625 2164 fronte
639 2103 748 2164 lacuna
763 2106 872 2186 patet?

171 2191 218 2250 Ne
235 2197 397 2251 contemne
413 2196 518 2268 caput,
538 2187 617 2248 nihil
631 2194 680 2248 est
693 2189 827 2250 ilrracius
841 2187 914 2262 illo;

213 2275 282 2334 Non
296 2270 513 2350 init'Antolyci
530 2279 591 2331 tam
606 2273 747 2351 piperato
763 2293 877 2334 manna.

150 2359 264 2420 5Hune
279 2366 313 2418 tu
328 2359 482 2418 convivam
498 2361 604 2416 cautus
618 2375 742 2416 servare
759 2363 926 2417 memento:

215 2442 303 2501 Tunc
318 2441 395 2501 invit
410 2445 503 2518 atque
519 2439 607 2499 oculo
623 2438 727 2500 luscus
746 2448 878 2520 utroque
892 2437 989 2504 videt.

171 2525 287 2587 Pocula
302 2523 427 2584 solliciti
443 2523 579 2603 perdunt
592 2522 764 2604 ligulasque
778 2525 912 2584 ministri

213 2610 255 2668 Et
268 2610 348 2672 latet
359 2609 391 2666 in
406 2606 513 2685 tepido
528 2605 661 2686 plurima
675 2627 783 2688 mappa
799 2611 875 2668 sinn.

171 2694 271 2773 Lapsa
284 2710 343 2752 nec
360 2713 377 2751 a
392 2693 496 2751 cubito
512 2689 685 2751 subducere
700 2693 792 2771 pallia
807 2693 907 2753 nescit

129 2786 164 2838 10
212 2779 254 2838 lit
269 2783 370 2837 tectus
382 2775 481 2835 laenis
494 2793 587 2854 saepe
606 2773 721 2835 duabus
736 2777 808 2839 abit.

171 2858 237 2922 Nec
252 2859 469 2920 dormitantem
481 2877 606 2919 vernam
620 2858 764 2920 fraudare
779 2858 905 2919 lucerna

212 2946 346 3004 Erubuit
361 2942 471 3020 fallax,
495 2941 602 3002 ardeat
616 2941 672 3003 illa
685 2942 769 3003 licet.

172 3027 300 3100 Sinihil
315 3029 442 3102 invasit,
464 3045 593 3106 puerum
609 3033 683 3086 tnnc
701 3032 768 3086 arte
784 3024 891 3086 dolosa

213 3112 332 3170 Circuit
349 3117 381 3169 et
397 3109 498 3169 soleas
511 3112 641 3189 surripit
653 3111 720 3190 ipse
735 3130 813 3170 suas.

573 3221 637 3282 LX.

171 3319 293 3378 Summa
307 3317 440 3379 Palatini
455 3327 579 3398 poteras
594 3337 726 3397 aequare
742 3317 878 3396 Colossi,

215 3401 248 3459 Si
262 3399 356 3460 fieres
370 3403 508 3479 brevior,
532 3400 677 3479 Claudia,
700 3399 926 3482 sesquipedem.
