2460 3878
123 161 187 226 aas
446 161 866 229 mvauman'naars

208 316 249 374 Et
263 332 366 374 secum
380 315 523 374 comitem
539 314 643 374 trahet
656 313 814 393 pudorem.

209 399 338 478 Semper
352 400 519 478 pauperior
532 397 617 458 redit
630 404 777 478 potestas.

186 481 299 543 tFelix
313 483 466 542 auriferae
482 481 591 541 colone
606 487 726 558 terrae,

206 567 371 626 Rectorem
386 585 480 625 vacuo
496 566 565 624 sinu
578 567 720 626 remittes

208 651 398 728 Optabisque
413 669 530 726 moras,
553 655 585 708 et
602 657 765 710 exeuntem

206 733 277 793 Udo
294 731 429 792 Dalmata
443 732 553 812 gaudio
569 735 720 812 sequeris.

207 819 270 877 Nos
286 814 408 894 Celtas,
425 817 549 893 Macer,
569 821 602 876 et
613 824 718 876 truces
732 818 866 879 Hiberos

167 911 201 964 10
209 903 285 962 Oum
300 899 456 961 desiderio
473 902 518 960 tui
531 907 682 981 petemus.

209 985 272 1046 Sed
287 1004 487 1064 quaecuuque
503 991 604 1044 tamen
619 985 740 1044 feretur
757 983 842 1044 illinc

208 1070 327 1129 Piscosi
344 1068 457 1128 calamo
474 1069 553 1146 Tagi
567 1075 688 1145 notata,

208 1153 348 1213 Macrum
361 1155 471 1233 pagina
488 1159 594 1212 nostra
607 1154 785 1212 nominabit.

209 1237 260 1296 Sic
274 1238 358 1302 inter
373 1243 495 1296 veteres
509 1235 596 1315 legar
609 1242 734 1315 poetas,

167 1321 271 1381 ltNec
285 1318 398 1379 multos
414 1320 488 1379 mihi
502 1314 662 1400 praeferas
677 1322 816 1399 priores,

207 1403 276 1464 Uno
292 1401 347 1462 aed
363 1405 419 1463 tihi
435 1405 490 1463 sim
505 1406 605 1464 minor
620 1402 750 1463 Catullo.

578 1535 712 1598 LXXIX.

208 1649 258 1710 Ad
271 1649 405 1730 lapidem
420 1649 596 1728 Torquatus
611 1652 706 1712 habet
719 1653 876 1732 praetoria
890 1663 1056 1731 quartum

249 1730 300 1792 nd
315 1739 456 1812 quartum
470 1735 565 1794 breve
583 1755 635 1794 rus
650 1737 725 1796 emit
741 1733 900 1808 Otacilius.

210 1817 387 1894 Torquatus
402 1817 515 1876 nitidas
530 1819 613 1878 uario
633 1817 672 1878 de
688 1838 840 1879 marmore
854 1821 991 1879 thermas

249 1901 409 1975 Extruxit3
432 1921 585 1961 cucumam
600 1902 677 1963 iecit
692 1902 852 1964 Otacilius.

186 1985 368 2064 5Disposuit
383 1983 545 2064 daphnona
559 2005 613 2046 suo
632 1986 808 2065 Torquatus
825 1989 857 2047 in
872 2007 963 2066 agr03

250 2069 416 2129 Castaneas
432 2075 555 2129 centum
569 2071 648 2130 sevit
662 2069 818 2131 Otacilius.

211 2151 346 2212 Consule
361 2152 520 2230 Torquato
536 2154 595 2214 vici
612 2155 672 2213 luit
685 2153 739 2214 ille
754 2155 915 2232 magister,

250 2236 320 2295 Non
334 2238 434 2296 minor
447 2239 480 2296 iu
497 2243 583 2298 tanto
599 2239 679 2298 visus
695 2239 814 2298 honore
829 2239 897 2299 sibi.

208 2319 341 2380 Grandis
355 2326 390 2379 ut
405 2322 542 2399 exiguam
557 2322 614 2381 bos
627 2341 731 2382 ranam
746 2328 874 2402 ruperat
887 2322 976 2399 olim,

165 2412 198 2464 10
248 2404 315 2481 Sic,
336 2411 429 2484 puto,
449 2405 626 2484 Torquatus
640 2413 764 2484 rumpet
777 2405 949 2467 Otacilium.

582 2505 703 2600 cxix.

207 2649 313 2710 Plorat
326 2650 423 2726 Eros,
447 2652 588 2726 quotiens
603 2649 775 2710 maculosae
789 2649 900 2729 pocula
914 2670 1037 2716 murrae

248 2735 391 2813 Inspicit,
413 2742 464 2792 aut
479 2753 593 2813 pueros
608 2732 780 2794 nobiliusve
800 2736 927 2810 citrum,

207 2819 249 2877 nt
264 2818 395 2896 gemitus
410 2818 471 2877 imo
488 2817 572 2878 ducit
586 2817 626 2877 de
642 2824 787 2898 pectore,
811 2817 893 2897 quod
907 2837 969 2877 non

250 2901 331 2961 Tota
346 2903 440 2962 mirer
455 2905 573 2962 coemat
587 2902 682 2982 Septa
698 2903 840 2980 feratque
856 2900 987 2963 domum.

185 2985 305 3059 tQuam
321 2986 557 3063 multifaciant,
580 2985 662 3065 quod
678 2986 774 3064 Eros,
796 2984 853 3046 scd
866 2983 981 3046 lumine
998 2981 1096 3047 siccol
1216 2987 1217 3006 ยน

248 3069 324 3127 Para
340 3071 436 3129 maior
449 3067 592 3130 lacrimas
607 3068 691 3129 ridet
705 3077 739 3130 et
751 3071 833 3130 intus
849 3071 951 3129 habet.

600 3203 733 3265 LXXXl.

207 3316 282 3375 Cum
301 3315 360 3376 duo
375 3317 532 3376 venissent
547 3315 585 3376 ad
600 3315 743 3396 Phyllida
758 3335 845 3377 mane
859 3317 991 3378 fututum

246 3399 287 3457 Et
302 3397 413 3457 nudam
429 3406 559 3478 cuperet
573 3419 694 3460 sumere
712 3405 844 3480 uterque
858 3403 962 3482 prior,
