<?xml version="1.0" encoding="UTF-8"?>
<!DOCTYPE html PUBLIC "-//W3C//DTD XHTML 1.0 Transitional//EN"
    "http://www.w3.org/TR/xhtml1/DTD/xhtml1-transitional.dtd">
<html xmlns="http://www.w3.org/1999/xhtml" xml:lang="en" lang="en">
 <head>
  <title>
</title>
<meta http-equiv="Content-Type" content="text/html;charset=utf-8" />
  <meta name='ocr-system' content='tesseract 3.04.00' />
  <meta name='ocr-capabilities' content='ocr_page ocr_carea ocr_par ocr_line ocrx_word'/>
</head>
<body>
  <div class='ocr_page' id='page_1' title='image "./diuniiiuvenalis02juvegoog_0211.png"; bbox 0 0 2426 3900; ppageno 0'>
   <div class='ocr_carea' id='block_1_1' title="bbox 454 131 847 212">
    <p class='ocr_par' dir='ltr' id='par_1_1' title="bbox 454 131 847 212">
     <span class='ocr_line' id='line_1_1' title="bbox 454 131 847 212; baseline -0.01 -15"><span class='ocrx_word' id='word_1_1' title='bbox 454 135 498 198; x_wconf 86' lang='grc' dir='ltr'><strong>Μ.</strong></span> <span class='ocrx_word' id='word_1_2' title='bbox 514 134 607 197; x_wconf 74' lang='lat' dir='ltr'><strong>vsu.</strong></span> <span class='ocrx_word' id='word_1_3' title='bbox 623 131 847 212; x_wconf 74' lang='lat' dir='ltr'><strong>mannans</strong></span> 
     </span>
    </p>
   </div>
   <div class='ocr_carea' id='block_1_2' title="bbox 77 287 803 451">
    <p class='ocr_par' dir='ltr' id='par_1_2' title="bbox 77 287 803 451">
     <span class='ocr_line' id='line_1_2' title="bbox 77 287 803 372; baseline -0.006 -20"><span class='ocrx_word' id='word_1_4' title='bbox 77 347 80 352; x_wconf 87' lang='lat'><em>.</em></span> <span class='ocrx_word' id='word_1_5' title='bbox 217 293 253 354; x_wconf 91' lang='lat' dir='ltr'><strong>ln</strong></span> <span class='ocrx_word' id='word_1_6' title='bbox 268 312 327 372; x_wconf 82' lang='lat' dir='ltr'><strong>qua</strong></span> <span class='ocrx_word' id='word_1_7' title='bbox 341 299 403 351; x_wconf 80' lang='lat' dir='ltr'><strong>tam</strong></span> <span class='ocrx_word' id='word_1_8' title='bbox 417 287 546 350; x_wconf 89' lang='lat' dir='ltr'><strong>similem</strong></span> <span class='ocrx_word' id='word_1_9' title='bbox 560 287 679 349; x_wconf 80' lang='lat' dir='ltr'><strong>videbis</strong></span> <span class='ocrx_word' id='word_1_10' title='bbox 695 287 803 364; x_wconf 87' lang='lat' dir='ltr'><strong>lssam,</strong></span> 
     </span>
     <span class='ocr_line' id='line_1_3' title="bbox 176 371 748 451; baseline -0.016 -11"><span class='ocrx_word' id='word_1_11' title='bbox 176 377 261 441; x_wconf 73' lang='lat' dir='ltr'><strong>notit</strong></span> <span class='ocrx_word' id='word_1_12' title='bbox 275 376 317 437; x_wconf 85' lang='lat' dir='ltr'><strong>sit</strong></span> <span class='ocrx_word' id='word_1_13' title='bbox 329 381 392 435; x_wconf 85' lang='lat' dir='ltr'><strong>tum</strong></span> <span class='ocrx_word' id='word_1_14' title='bbox 407 371 514 434; x_wconf 87' lang='lat' dir='ltr'><strong>similis</strong></span> <span class='ocrx_word' id='word_1_15' title='bbox 528 373 588 434; x_wconf 82' lang='lat' dir='ltr'><strong>sibi</strong></span> <span class='ocrx_word' id='word_1_16' title='bbox 601 391 660 432; x_wconf 85' lang='lat' dir='ltr'><strong>uec</strong></span> <span class='ocrx_word' id='word_1_17' title='bbox 673 373 748 451; x_wconf 85' lang='lat' dir='ltr'><strong>ipsa.</strong></span> 
     </span>
    </p>
   </div>
   <div class='ocr_carea' id='block_1_3' title="bbox 216 453 812 708">
    <p class='ocr_par' dir='ltr' id='par_1_3' title="bbox 216 453 812 708">
     <span class='ocr_line' id='line_1_4' title="bbox 217 453 788 540; baseline -0.014 -18"><span class='ocrx_word' id='word_1_18' title='bbox 217 461 311 522; x_wconf 83' lang='lat' dir='ltr'><strong>Issam</strong></span> <span class='ocrx_word' id='word_1_19' title='bbox 326 458 460 540; x_wconf 89' lang='lat' dir='ltr'><strong>denique</strong></span> <span class='ocrx_word' id='word_1_20' title='bbox 477 476 559 539; x_wconf 91' lang='lat' dir='ltr'><strong>pone</strong></span> <span class='ocrx_word' id='word_1_21' title='bbox 574 477 642 517; x_wconf 92' lang='lat' dir='ltr'><strong>cum</strong></span> <span class='ocrx_word' id='word_1_22' title='bbox 656 453 788 515; x_wconf 86' lang='lat' dir='ltr'><strong>tabella:</strong></span> 
     </span>
     <span class='ocr_line' id='line_1_5' title="bbox 216 543 808 623; baseline -0.007 -19"><span class='ocrx_word' id='word_1_23' title='bbox 216 546 281 605; x_wconf 83' lang='lat' dir='ltr'><strong>Aut</strong></span> <span class='ocrx_word' id='word_1_24' title='bbox 294 549 455 622; x_wconf 84' lang='lat' dir='ltr'><strong>utramque</strong></span> <span class='ocrx_word' id='word_1_25' title='bbox 468 543 590 623; x_wconf 78' lang='lat' dir='ltr'><strong>putabis</strong></span> <span class='ocrx_word' id='word_1_26' title='bbox 605 557 675 600; x_wconf 85' lang='lat' dir='ltr'><strong>esse</strong></span> <span class='ocrx_word' id='word_1_27' title='bbox 688 559 808 618; x_wconf 83' lang='lat' dir='ltr'><strong>veram,</strong></span> 
     </span>
     <span class='ocr_line' id='line_1_6' title="bbox 218 626 812 708; baseline -0.008 -19"><span class='ocrx_word' id='word_1_28' title='bbox 218 629 282 689; x_wconf 83' lang='lat' dir='ltr'><strong>Aut</strong></span> <span class='ocrx_word' id='word_1_29' title='bbox 296 633 457 708; x_wconf 83' lang='lat' dir='ltr'><strong>utramque</strong></span> <span class='ocrx_word' id='word_1_30' title='bbox 471 627 593 707; x_wconf 78' lang='lat' dir='ltr'><strong>putabis</strong></span> <span class='ocrx_word' id='word_1_31' title='bbox 609 642 678 684; x_wconf 88' lang='lat' dir='ltr'><strong>esse</strong></span> <span class='ocrx_word' id='word_1_32' title='bbox 690 626 812 705; x_wconf 85' lang='lat' dir='ltr'><strong>pictam.</strong></span> 
     </span>
    </p>
   </div>
   <div class='ocr_carea' id='block_1_4' title="bbox 625 758 690 820">
    <p class='ocr_par' dir='ltr' id='par_1_4' title="bbox 625 758 690 820">
     <span class='ocr_line' id='line_1_7' title="bbox 625 758 690 820; baseline 0 0"><span class='ocrx_word' id='word_1_33' title='bbox 625 758 690 820; x_wconf 79' lang='lat' dir='ltr'><strong>GX.</strong></span> 
     </span>
    </p>
   </div>
   <div class='ocr_carea' id='block_1_5' title="bbox 220 835 1104 1042">
    <p class='ocr_par' dir='ltr' id='par_1_5' title="bbox 220 835 1104 1042">
     <span class='ocr_line' id='line_1_8' title="bbox 220 835 1104 956; baseline 0 -19"><span class='ocrx_word' id='word_1_34' title='bbox 220 875 366 938; x_wconf 78' lang='lat' dir='ltr'><strong>Scribere</strong></span> <span class='ocrx_word' id='word_1_35' title='bbox 381 891 431 934; x_wconf 92' lang='lat' dir='ltr'><strong>me</strong></span> <span class='ocrx_word' id='word_1_36' title='bbox 447 873 606 953; x_wconf 82' lang='lat' dir='ltr'><strong>quereris,</strong></span> <span class='ocrx_word' id='word_1_37' title='bbox 625 871 744 948; x_wconf 79' lang='lat' dir='ltr'><strong>Velox,</strong></span> <span class='ocrx_word' id='word_1_38' title='bbox 767 835 986 952; x_wconf 69' lang='lat' dir='ltr'><strong>epigrammati</strong></span> <span class='ocrx_word' id='word_1_39' title='bbox 1000 872 1104 956; x_wconf 82' lang='lat' dir='ltr'><strong>longa.</strong></span> 
     </span>
     <span class='ocr_line' id='line_1_9' title="bbox 260 956 867 1042; baseline -0.005 -22"><span class='ocrx_word' id='word_1_40' title='bbox 260 961 329 1042; x_wconf 87' lang='lat' dir='ltr'><strong>Ipse</strong></span> <span class='ocrx_word' id='word_1_41' title='bbox 344 956 423 1020; x_wconf 85' lang='lat' dir='ltr'><strong>nihil</strong></span> <span class='ocrx_word' id='word_1_42' title='bbox 435 958 559 1019; x_wconf 80' lang='lat' dir='ltr'><strong>scribis:</strong></span> <span class='ocrx_word' id='word_1_43' title='bbox 579 963 613 1016; x_wconf 86' lang='lat' dir='ltr'><strong>tu</strong></span> <span class='ocrx_word' id='word_1_44' title='bbox 626 957 768 1016; x_wconf 83' lang='lat' dir='ltr'><strong>breviora</strong></span> <span class='ocrx_word' id='word_1_45' title='bbox 782 957 867 1019; x_wconf 84' lang='lat' dir='ltr'><strong>facis.</strong></span> 
     </span>
    </p>
   </div>
   <div class='ocr_carea' id='block_1_6' title="bbox 515 1090 696 1151">
    <p class='ocr_par' dir='ltr' id='par_1_6' title="bbox 515 1090 696 1151">
     <span class='ocr_line' id='line_1_10' title="bbox 515 1090 696 1151; baseline 0.006 -1"><span class='ocrx_word' id='word_1_46' title='bbox 515 1117 523 1132; x_wconf 92' lang='lat'>·</span> <span class='ocrx_word' id='word_1_47' title='bbox 619 1090 696 1151; x_wconf 81' lang='lat' dir='ltr'><strong>cxl.</strong></span> 
     </span>
    </p>
   </div>
   <div class='ocr_carea' id='block_1_7' title="bbox 117 1201 1035 1536">
    <p class='ocr_par' dir='ltr' id='par_1_7' title="bbox 117 1201 1035 1536">
     <span class='ocr_line' id='line_1_11' title="bbox 219 1201 1035 1285; baseline -0.002 -18"><span class='ocrx_word' id='word_1_48' title='bbox 219 1205 297 1267; x_wconf 73' lang='lat' dir='ltr'><strong>(lum</strong></span> <span class='ocrx_word' id='word_1_49' title='bbox 310 1205 369 1264; x_wconf 85' lang='lat' dir='ltr'><strong>tibi</strong></span> <span class='ocrx_word' id='word_1_50' title='bbox 386 1206 427 1264; x_wconf 84' lang='lat' dir='ltr'><strong>sit</strong></span> <span class='ocrx_word' id='word_1_51' title='bbox 441 1203 567 1285; x_wconf 81' lang='lat' dir='ltr'><strong>sophiae</strong></span> <span class='ocrx_word' id='word_1_52' title='bbox 581 1223 637 1284; x_wconf 85' lang='lat' dir='ltr'><strong>par</strong></span> <span class='ocrx_word' id='word_1_53' title='bbox 651 1204 732 1264; x_wconf 81' lang='lat' dir='ltr'><strong>fama</strong></span> <span class='ocrx_word' id='word_1_54' title='bbox 747 1210 779 1264; x_wconf 88' lang='lat' dir='ltr'><strong>et</strong></span> <span class='ocrx_word' id='word_1_55' title='bbox 793 1201 1035 1285; x_wconf 75' lang='lat' dir='ltr'><strong>catalonorum,</strong></span> 
     </span>
     <span class='ocr_line' id='line_1_12' title="bbox 261 1288 858 1369; baseline -0.007 -19"><span class='ocrx_word' id='word_1_56' title='bbox 261 1289 386 1367; x_wconf 88' lang='lat' dir='ltr'><strong>Ingenio</strong></span> <span class='ocrx_word' id='word_1_57' title='bbox 401 1288 501 1369; x_wconf 81' lang='lat' dir='ltr'><strong>pietas</strong></span> <span class='ocrx_word' id='word_1_58' title='bbox 516 1307 575 1348; x_wconf 87' lang='lat' dir='ltr'><strong>uec</strong></span> <span class='ocrx_word' id='word_1_59' title='bbox 589 1289 689 1347; x_wconf 87' lang='lat' dir='ltr'><strong>minor</strong></span> <span class='ocrx_word' id='word_1_60' title='bbox 702 1290 769 1369; x_wconf 80' lang='lat' dir='ltr'><strong>ipsa</strong></span> <span class='ocrx_word' id='word_1_61' title='bbox 788 1307 858 1347; x_wconf 88' lang='lat' dir='ltr'><strong>suo:</strong></span> 
     </span>
     <span class='ocr_line' id='line_1_13' title="bbox 117 1368 1003 1453; baseline -0.001 -19"><span class='ocrx_word' id='word_1_62' title='bbox 117 1409 124 1426; x_wconf 69' lang='grc'><strong>«.</strong></span> <span class='ocrx_word' id='word_1_63' title='bbox 201 1374 344 1453; x_wconf 78' lang='lat' dir='ltr'><strong>-lgnorat</strong></span> <span class='ocrx_word' id='word_1_64' title='bbox 357 1373 477 1433; x_wconf 83' lang='lat' dir='ltr'><strong>meritis</strong></span> <span class='ocrx_word' id='word_1_65' title='bbox 495 1371 569 1432; x_wconf 84' lang='lat' dir='ltr'><strong>dare</strong></span> <span class='ocrx_word' id='word_1_66' title='bbox 584 1390 727 1450; x_wconf 88' lang='lat' dir='ltr'><strong>munera,</strong></span> <span class='ocrx_word' id='word_1_67' title='bbox 750 1372 801 1449; x_wconf 90' lang='lat' dir='ltr'><strong>qui</strong></span> <span class='ocrx_word' id='word_1_68' title='bbox 815 1372 873 1430; x_wconf 86' lang='lat' dir='ltr'><strong>tibi</strong></span> <span class='ocrx_word' id='word_1_69' title='bbox 886 1368 1003 1433; x_wconf 87' lang='lat' dir='ltr'><strong>librum</strong></span> 
     </span>
     <span class='ocr_line' id='line_1_14' title="bbox 260 1453 860 1536; baseline -0.007 -19"><span class='ocrx_word' id='word_1_70' title='bbox 260 1459 302 1518; x_wconf 76' lang='lat' dir='ltr'><strong>ut</strong></span> <span class='ocrx_word' id='word_1_71' title='bbox 317 1457 370 1536; x_wconf 90' lang='lat' dir='ltr'><strong>qui</strong></span> <span class='ocrx_word' id='word_1_72' title='bbox 383 1458 526 1535; x_wconf 80' lang='lat' dir='ltr'><strong>miratur,</strong></span> <span class='ocrx_word' id='word_1_73' title='bbox 548 1453 682 1534; x_wconf 83' lang='lat' dir='ltr'><strong>Regule‚</strong></span> <span class='ocrx_word' id='word_1_74' title='bbox 702 1462 771 1517; x_wconf 78' lang='lat' dir='ltr'><strong>tura</strong></span> <span class='ocrx_word' id='word_1_75' title='bbox 786 1453 860 1514; x_wconf 82' lang='lat' dir='ltr'><strong>dari.</strong></span> 
     </span>
    </p>
   </div>
   <div class='ocr_carea' id='block_1_8' title="bbox 604 1589 694 1650">
    <p class='ocr_par' dir='ltr' id='par_1_8' title="bbox 604 1589 694 1650">
     <span class='ocr_line' id='line_1_15' title="bbox 604 1589 694 1650; baseline -0.056 1"><span class='ocrx_word' id='word_1_76' title='bbox 604 1589 694 1650; x_wconf 83' lang='lat' dir='ltr'>CXII.</span> 
     </span>
    </p>
   </div>
   <div class='ocr_carea' id='block_1_9' title="bbox 219 1701 1105 1847">
    <p class='ocr_par' dir='ltr' id='par_1_9' title="bbox 219 1701 1105 1847">
     <span class='ocr_line' id='line_1_16' title="bbox 219 1701 1105 1780; baseline 0.003 -18"><span class='ocrx_word' id='word_1_77' title='bbox 219 1704 297 1762; x_wconf 81' lang='lat' dir='ltr'><strong>Cum</strong></span> <span class='ocrx_word' id='word_1_78' title='bbox 310 1707 343 1762; x_wconf 79' lang='lat' dir='ltr'><strong>te</strong></span> <span class='ocrx_word' id='word_1_79' title='bbox 356 1721 419 1760; x_wconf 91' lang='lat' dir='ltr'><strong>nou</strong></span> <span class='ocrx_word' id='word_1_80' title='bbox 432 1721 571 1779; x_wconf 81' lang='lat' dir='ltr'>nossem,</span> <span class='ocrx_word' id='word_1_81' title='bbox 591 1701 744 1762; x_wconf 88' lang='lat' dir='ltr'><strong>dominum</strong></span> <span class='ocrx_word' id='word_1_82' title='bbox 759 1720 925 1780; x_wconf 82' lang='lat' dir='ltr'><strong>regemque</strong></span> <span class='ocrx_word' id='word_1_83' title='bbox 939 1704 1105 1765; x_wconf 79' lang='lat' dir='ltr'><strong>vocabam:</strong></span> 
     </span>
     <span class='ocr_line' id='line_1_17' title="bbox 260 1782 987 1847; baseline 0.004 -3"><span class='ocrx_word' id='word_1_84' title='bbox 260 1782 347 1845; x_wconf 89' lang='lat' dir='ltr'><strong>Nune</strong></span> <span class='ocrx_word' id='word_1_85' title='bbox 360 1787 442 1846; x_wconf 86' lang='lat' dir='ltr'><strong>bene</strong></span> <span class='ocrx_word' id='word_1_86' title='bbox 456 1792 489 1846; x_wconf 87' lang='lat' dir='ltr'><strong>te</strong></span> <span class='ocrx_word' id='word_1_87' title='bbox 505 1788 589 1846; x_wconf 84' lang='lat' dir='ltr'><strong>novi:</strong></span> <span class='ocrx_word' id='word_1_88' title='bbox 611 1787 671 1845; x_wconf 90' lang='lat' dir='ltr'><strong>iam</strong></span> <span class='ocrx_word' id='word_1_89' title='bbox 686 1786 762 1845; x_wconf 87' lang='lat' dir='ltr'><strong>mihi</strong></span> <span class='ocrx_word' id='word_1_90' title='bbox 777 1786 899 1846; x_wconf 79' lang='lat' dir='ltr'>Priscus</span> <span class='ocrx_word' id='word_1_91' title='bbox 914 1787 987 1847; x_wconf 86' lang='lat' dir='ltr'><strong>eris.</strong></span> 
     </span>
    </p>
   </div>
   <div class='ocr_carea' id='block_1_10' title="bbox 603 1899 706 1960">
    <p class='ocr_par' dir='ltr' id='par_1_10' title="bbox 603 1899 706 1960">
     <span class='ocr_line' id='line_1_18' title="bbox 603 1899 706 1960; baseline -0.019 0"><span class='ocrx_word' id='word_1_92' title='bbox 603 1899 706 1960; x_wconf 83' lang='lat' dir='ltr'>cxlss.</span> 
     </span>
    </p>
   </div>
   <div class='ocr_carea' id='block_1_11' title="bbox 196 1993 972 2497">
    <p class='ocr_par' dir='ltr' id='par_1_11' title="bbox 219 1993 972 2226">
     <span class='ocr_line' id='line_1_19' title="bbox 220 1993 946 2077; baseline 0 -21"><span class='ocrx_word' id='word_1_93' title='bbox 220 1997 429 2074; x_wconf 74' lang='lat' dir='ltr'><strong>Quaecunque</strong></span> <span class='ocrx_word' id='word_1_94' title='bbox 443 1993 506 2056; x_wconf 87' lang='lat' dir='ltr'><strong>lusi</strong></span> <span class='ocrx_word' id='word_1_95' title='bbox 519 1997 639 2057; x_wconf 83' lang='lat' dir='ltr'><strong>iuvenis</strong></span> <span class='ocrx_word' id='word_1_96' title='bbox 653 2003 686 2056; x_wconf 89' lang='lat' dir='ltr'><strong>et</strong></span> <span class='ocrx_word' id='word_1_97' title='bbox 699 2015 778 2077; x_wconf 89' lang='lat' dir='ltr'><strong>puer</strong></span> <span class='ocrx_word' id='word_1_98' title='bbox 793 1995 946 2076; x_wconf 80' lang='lat' dir='ltr'><strong>quondum</strong></span> 
     </span>
     <span class='ocr_line' id='line_1_20' title="bbox 219 2080 972 2161; baseline 0.001 -21"><span class='ocrx_word' id='word_1_99' title='bbox 219 2080 397 2160; x_wconf 74' lang='lat' dir='ltr'><strong>Apinasque</strong></span> <span class='ocrx_word' id='word_1_100' title='bbox 412 2085 547 2158; x_wconf 84' lang='lat' dir='ltr'><strong>nostras,</strong></span> <span class='ocrx_word' id='word_1_101' title='bbox 572 2099 645 2157; x_wconf 88' lang='lat' dir='ltr'><strong>quas</strong></span> <span class='ocrx_word' id='word_1_102' title='bbox 660 2099 718 2140; x_wconf 87' lang='lat' dir='ltr'><strong>uec</strong></span> <span class='ocrx_word' id='word_1_103' title='bbox 732 2082 800 2161; x_wconf 89' lang='lat' dir='ltr'><strong>ipse</strong></span> <span class='ocrx_word' id='word_1_104' title='bbox 813 2081 874 2142; x_wconf 90' lang='lat' dir='ltr'><strong>iam</strong></span> <span class='ocrx_word' id='word_1_105' title='bbox 886 2081 972 2158; x_wconf 76' lang='lat' dir='ltr'><strong>novi,</strong></span> 
     </span>
     <span class='ocr_line' id='line_1_21' title="bbox 219 2161 870 2226; baseline -0.005 1"><span class='ocrx_word' id='word_1_106' title='bbox 219 2162 305 2226; x_wconf 83' lang='lat' dir='ltr'><strong>Male</strong></span> <span class='ocrx_word' id='word_1_107' title='bbox 322 2161 478 2225; x_wconf 85' lang='lat' dir='ltr'><strong>collocare</strong></span> <span class='ocrx_word' id='word_1_108' title='bbox 496 2165 522 2224; x_wconf 85' lang='lat' dir='ltr'><strong>si</strong></span> <span class='ocrx_word' id='word_1_109' title='bbox 536 2165 632 2224; x_wconf 84' lang='lat' dir='ltr'><strong>bouus</strong></span> <span class='ocrx_word' id='word_1_110' title='bbox 646 2161 732 2225; x_wconf 83' lang='lat' dir='ltr'><strong>voles</strong></span> <span class='ocrx_word' id='word_1_111' title='bbox 747 2164 840 2224; x_wconf 86' lang='lat' dir='ltr'><strong>horas</strong></span> <span class='ocrx_word' id='word_1_112' title='bbox 867 2218 870 2224; x_wconf 90' lang='lat'>.</span> 
     </span>
    </p>

    <p class='ocr_par' dir='ltr' id='par_1_12' title="bbox 196 2247 785 2413">
     <span class='ocr_line' id='line_1_22' title="bbox 218 2247 730 2327; baseline -0.004 -17"><span class='ocrx_word' id='word_1_113' title='bbox 218 2249 261 2311; x_wconf 75' lang='lat' dir='ltr'><strong>ut</strong></span> <span class='ocrx_word' id='word_1_114' title='bbox 274 2248 427 2312; x_wconf 77' lang='lat' dir='ltr'><strong>invidebis</strong></span> <span class='ocrx_word' id='word_1_115' title='bbox 442 2250 505 2309; x_wconf 87' lang='lat' dir='ltr'><strong>otio</strong></span> <span class='ocrx_word' id='word_1_116' title='bbox 521 2254 592 2327; x_wconf 87' lang='lat' dir='ltr'><strong>tuo,</strong></span> <span class='ocrx_word' id='word_1_117' title='bbox 613 2247 730 2325; x_wconf 79' lang='lat' dir='ltr'><strong>lector,</strong></span> 
     </span>
     <span class='ocr_line' id='line_1_23' title="bbox 196 2331 785 2413; baseline -0.008 -17"><span class='ocrx_word' id='word_1_118' title='bbox 196 2335 247 2396; x_wconf 76' lang='lat' dir='ltr'><strong>uA</strong></span> <span class='ocrx_word' id='word_1_119' title='bbox 262 2332 428 2396; x_wconf 86' lang='lat' dir='ltr'><strong>Valeriano</strong></span> <span class='ocrx_word' id='word_1_120' title='bbox 442 2331 533 2394; x_wconf 89' lang='lat' dir='ltr'><strong>Polio</strong></span> <span class='ocrx_word' id='word_1_121' title='bbox 548 2339 638 2413; x_wconf 86' lang='lat' dir='ltr'><strong>petes</strong></span> <span class='ocrx_word' id='word_1_122' title='bbox 654 2333 785 2409; x_wconf 81' lang='lat' dir='ltr'><strong>Quinto,</strong></span> 
     </span>
    </p>

    <p class='ocr_par' dir='ltr' id='par_1_13' title="bbox 217 2415 875 2497">
     <span class='ocr_line' id='line_1_24' title="bbox 217 2415 875 2497; baseline -0.002 -20"><span class='ocrx_word' id='word_1_123' title='bbox 217 2418 280 2477; x_wconf 86' lang='lat' dir='ltr'><strong>Per</strong></span> <span class='ocrx_word' id='word_1_124' title='bbox 296 2436 387 2497; x_wconf 93' lang='lat' dir='ltr'><strong>quem</strong></span> <span class='ocrx_word' id='word_1_125' title='bbox 400 2418 506 2497; x_wconf 85' lang='lat' dir='ltr'><strong>perire</strong></span> <span class='ocrx_word' id='word_1_126' title='bbox 521 2436 583 2475; x_wconf 90' lang='lat' dir='ltr'><strong>nou</strong></span> <span class='ocrx_word' id='word_1_127' title='bbox 596 2415 674 2477; x_wconf 84' lang='lat' dir='ltr'><strong>lieet</strong></span> <span class='ocrx_word' id='word_1_128' title='bbox 687 2417 763 2477; x_wconf 91' lang='lat' dir='ltr'><strong>meis</strong></span> <span class='ocrx_word' id='word_1_129' title='bbox 778 2416 875 2494; x_wconf 77' lang='lat' dir='ltr'><strong>nugis</strong></span> 
     </span>
    </p>
   </div>
   <div class='ocr_carea' id='block_1_12' title="bbox 601 2549 706 2614">
    <p class='ocr_par' dir='ltr' id='par_1_14' title="bbox 601 2549 706 2614">
     <span class='ocr_line' id='line_1_25' title="bbox 601 2549 706 2614; baseline 0.01 -3"><span class='ocrx_word' id='word_1_130' title='bbox 601 2549 706 2614; x_wconf 80' lang='lat' dir='ltr'><strong>cxlv.</strong></span> 
     </span>
    </p>
   </div>
   <div class='ocr_carea' id='block_1_13' title="bbox 130 2661 1079 3163">
    <p class='ocr_par' dir='ltr' id='par_1_15' title="bbox 130 2661 1079 3163">
     <span class='ocr_line' id='line_1_26' title="bbox 217 2661 1051 2749; baseline 0.01 -29"><span class='ocrx_word' id='word_1_131' title='bbox 217 2662 284 2722; x_wconf 88' lang='lat' dir='ltr'><strong>Hos</strong></span> <span class='ocrx_word' id='word_1_132' title='bbox 298 2661 355 2722; x_wconf 83' lang='lat' dir='ltr'><strong>tihi</strong></span> <span class='ocrx_word' id='word_1_133' title='bbox 370 2661 504 2741; x_wconf 82' lang='lat' dir='ltr'><strong>vicinos,</strong></span> <span class='ocrx_word' id='word_1_134' title='bbox 521 2664 685 2744; x_wconf 78' lang='lat' dir='ltr'><strong>Faustino,</strong></span> <span class='ocrx_word' id='word_1_135' title='bbox 708 2665 923 2749; x_wconf 85' lang='lat' dir='ltr'><strong>Telesphorus</strong></span> <span class='ocrx_word' id='word_1_136' title='bbox 937 2667 1051 2729; x_wconf 84' lang='lat' dir='ltr'><strong>hortos</strong></span> 
     </span>
     <span class='ocr_line' id='line_1_27' title="bbox 259 2745 971 2833; baseline 0.01 -27"><span class='ocrx_word' id='word_1_137' title='bbox 259 2745 393 2807; x_wconf 84' lang='lat' dir='ltr'><strong>Faenius</strong></span> <span class='ocrx_word' id='word_1_138' title='bbox 410 2754 443 2808; x_wconf 84' lang='lat' dir='ltr'><strong>et</strong></span> <span class='ocrx_word' id='word_1_139' title='bbox 457 2749 551 2809; x_wconf 83' lang='lat' dir='ltr'><strong>breve</strong></span> <span class='ocrx_word' id='word_1_140' title='bbox 569 2769 622 2810; x_wconf 87' lang='lat' dir='ltr'><strong>rus</strong></span> <span class='ocrx_word' id='word_1_141' title='bbox 637 2749 758 2830; x_wconf 89' lang='lat' dir='ltr'><strong>udaque</strong></span> <span class='ocrx_word' id='word_1_142' title='bbox 772 2757 862 2833; x_wconf 85' lang='lat' dir='ltr'><strong>prata</strong></span> <span class='ocrx_word' id='word_1_143' title='bbox 875 2758 971 2814; x_wconf 81' lang='lat' dir='ltr'><strong>tenet.</strong></span> 
     </span>
     <span class='ocr_line' id='line_1_28' title="bbox 130 2829 1009 2915; baseline 0.006 -26"><span class='ocrx_word' id='word_1_144' title='bbox 130 2852 134 2864; x_wconf 95' lang='lat'>·</span> <span class='ocrx_word' id='word_1_145' title='bbox 218 2829 366 2892; x_wconf 79' lang='lat' dir='ltr'><strong>Condidit</strong></span> <span class='ocrx_word' id='word_1_146' title='bbox 380 2832 433 2892; x_wconf 86' lang='lat' dir='ltr'><strong>hie</strong></span> <span class='ocrx_word' id='word_1_147' title='bbox 446 2840 536 2893; x_wconf 91' lang='lat' dir='ltr'><strong>natae</strong></span> <span class='ocrx_word' id='word_1_148' title='bbox 551 2835 673 2894; x_wconf 85' lang='lat' dir='ltr'><strong>cineres</strong></span> <span class='ocrx_word' id='word_1_149' title='bbox 688 2853 863 2915; x_wconf 86' lang='lat' dir='ltr'><strong>nomenque</strong></span> <span class='ocrx_word' id='word_1_150' title='bbox 878 2836 1009 2898; x_wconf 78' lang='lat' dir='ltr'><strong>sacravit</strong></span> 
     </span>
     <span class='ocr_line' id='line_1_29' title="bbox 261 2913 927 2999; baseline 0.012 -25"><span class='ocrx_word' id='word_1_151' title='bbox 261 2913 350 2990; x_wconf 79' lang='lat' dir='ltr'><strong>Quod</strong></span> <span class='ocrx_word' id='word_1_152' title='bbox 362 2913 442 2994; x_wconf 86' lang='lat' dir='ltr'><strong>legis</strong></span> <span class='ocrx_word' id='word_1_153' title='bbox 457 2916 618 2996; x_wconf 80' lang='lat' dir='ltr'><strong>Antullae,</strong></span> <span class='ocrx_word' id='word_1_154' title='bbox 637 2917 760 2998; x_wconf 86' lang='lat' dir='ltr'><strong>dignior</strong></span> <span class='ocrx_word' id='word_1_155' title='bbox 773 2921 841 2999; x_wconf 88' lang='lat' dir='ltr'><strong>ipse</strong></span> <span class='ocrx_word' id='word_1_156' title='bbox 854 2917 927 2999; x_wconf 87' lang='lat' dir='ltr'><strong>legi.</strong></span> 
     </span>
     <span class='ocr_line' id='line_1_30' title="bbox 196 2997 1079 3083; baseline 0.01 -27"><span class='ocrx_word' id='word_1_157' title='bbox 196 2997 268 3058; x_wconf 72' lang='lat' dir='ltr'><strong>aad</strong></span> <span class='ocrx_word' id='word_1_158' title='bbox 287 2997 408 3078; x_wconf 84' lang='lat' dir='ltr'><strong>Stygias</strong></span> <span class='ocrx_word' id='word_1_159' title='bbox 424 3017 555 3078; x_wconf 85' lang='lat' dir='ltr'><strong>aequum</strong></span> <span class='ocrx_word' id='word_1_160' title='bbox 568 3001 671 3062; x_wconf 84' lang='lat' dir='ltr'><strong>fuerat</strong></span> <span class='ocrx_word' id='word_1_161' title='bbox 686 3009 776 3083; x_wconf 86' lang='lat' dir='ltr'><strong>pater</strong></span> <span class='ocrx_word' id='word_1_162' title='bbox 789 3005 867 3064; x_wconf 86' lang='lat' dir='ltr'><strong>isset</strong></span> <span class='ocrx_word' id='word_1_163' title='bbox 881 3010 916 3064; x_wconf 84' lang='lat' dir='ltr'><strong>ut</strong></span> <span class='ocrx_word' id='word_1_164' title='bbox 932 3005 1079 3067; x_wconf 81' lang='lat' dir='ltr'><strong>umbras:</strong></span> 
     </span>
     <span class='ocr_line' id='line_1_31' title="bbox 260 3080 985 3163; baseline 0.014 -24"><span class='ocrx_word' id='word_1_165' title='bbox 260 3080 349 3158; x_wconf 81' lang='lat' dir='ltr'><strong>Quod</strong></span> <span class='ocrx_word' id='word_1_166' title='bbox 364 3082 435 3160; x_wconf 81' lang='lat' dir='ltr'><strong>quia</strong></span> <span class='ocrx_word' id='word_1_167' title='bbox 448 3103 510 3143; x_wconf 90' lang='lat' dir='ltr'><strong>non</strong></span> <span class='ocrx_word' id='word_1_168' title='bbox 523 3083 628 3163; x_wconf 70' lang='lat' dir='ltr'><strong>linuit,</strong></span> <span class='ocrx_word' id='word_1_169' title='bbox 647 3088 744 3163; x_wconf 84' lang='lat' dir='ltr'><strong>vivat,</strong></span> <span class='ocrx_word' id='word_1_170' title='bbox 763 3094 798 3148; x_wconf 81' lang='lat' dir='ltr'><strong>ut</strong></span> <span class='ocrx_word' id='word_1_171' title='bbox 812 3107 880 3148; x_wconf 84' lang='lat' dir='ltr'><strong>osso</strong></span> <span class='ocrx_word' id='word_1_172' title='bbox 895 3085 985 3150; x_wconf 79' lang='lat' dir='ltr'><strong>colet.</strong></span> 
     </span>
    </p>
   </div>
   <div class='ocr_carea' id='block_1_14' title="bbox 607 3197 699 3262">
    <p class='ocr_par' dir='ltr' id='par_1_16' title="bbox 607 3197 699 3262">
     <span class='ocr_line' id='line_1_32' title="bbox 607 3197 699 3262; baseline 0.011 -3"><span class='ocrx_word' id='word_1_173' title='bbox 607 3197 699 3262; x_wconf 78' lang='lat' dir='ltr'>CXV.</span> 
     </span>
    </p>
   </div>
   <div class='ocr_carea' id='block_1_15' title="bbox 214 3289 840 3464">
    <p class='ocr_par' dir='ltr' id='par_1_17' title="bbox 214 3289 840 3464">
     <span class='ocr_line' id='line_1_33' title="bbox 218 3289 840 3378; baseline 0.018 -29"><span class='ocrx_word' id='word_1_174' title='bbox 218 3289 373 3366; x_wconf 79' lang='lat' dir='ltr'><strong>Quaedam</strong></span> <span class='ocrx_word' id='word_1_175' title='bbox 387 3312 436 3354; x_wconf 91' lang='lat' dir='ltr'><strong>me</strong></span> <span class='ocrx_word' id='word_1_176' title='bbox 451 3296 551 3376; x_wconf 87' lang='lat' dir='ltr'><strong>eupit,</strong></span> <span class='ocrx_word' id='word_1_177' title='bbox 570 3293 674 3358; x_wconf 86' lang='lat' dir='ltr'><strong>invide</strong></span> <span class='ocrx_word' id='word_1_178' title='bbox 687 3296 840 3378; x_wconf 81' lang='lat' dir='ltr'><strong>Procille,</strong></span> 
     </span>
     <span class='ocr_line' id='line_1_34' title="bbox 214 3373 716 3464; baseline 0.016 -32"><span class='ocrx_word' id='word_1_179' title='bbox 214 3373 293 3434; x_wconf 89' lang='lat' dir='ltr'><strong>Loto</strong></span> <span class='ocrx_word' id='word_1_180' title='bbox 310 3376 468 3437; x_wconf 84' lang='lat' dir='ltr'><strong>candidior</strong></span> <span class='ocrx_word' id='word_1_181' title='bbox 482 3379 587 3458; x_wconf 91' lang='lat' dir='ltr'><strong>puella</strong></span> <span class='ocrx_word' id='word_1_182' title='bbox 603 3399 716 3464; x_wconf 81' lang='lat' dir='ltr'><strong>cygno,</strong></span> 
     </span>
    </p>
   </div>
   <div class='ocr_carea' id='block_1_16' title="bbox 0 0 1218 3892">
    <p class='ocr_par' dir='ltr' id='par_1_18' title="bbox 0 0 1218 3892">
     <span class='ocr_line' id='line_1_35' title="bbox 0 0 1218 3892; baseline 0 0"><span class='ocrx_word' id='word_1_183' title='bbox 0 0 1218 3892; x_wconf 95' lang='lat' dir='ltr'><strong> </strong></span> 
     </span>
    </p>
   </div>
  </div>
 </body>
</html>
