<?xml version="1.0" encoding="UTF-8"?>
<!DOCTYPE html PUBLIC "-//W3C//DTD XHTML 1.0 Transitional//EN"
    "http://www.w3.org/TR/xhtml1/DTD/xhtml1-transitional.dtd">
<html xmlns="http://www.w3.org/1999/xhtml" xml:lang="en" lang="en">
 <head>
  <title>
</title>
<meta http-equiv="Content-Type" content="text/html;charset=utf-8" />
  <meta name='ocr-system' content='tesseract 3.04.00' />
  <meta name='ocr-capabilities' content='ocr_page ocr_carea ocr_par ocr_line ocrx_word'/>
</head>
<body>
  <div class='ocr_page' id='page_1' title='image "./diuniiiuvenalis02juvegoog_0381.png"; bbox 0 0 2392 3888; ppageno 0'>
   <div class='ocr_carea' id='block_1_1' title="bbox 131 114 853 228">
    <p class='ocr_par' dir='ltr' id='par_1_1' title="bbox 131 114 853 228">
     <span class='ocr_line' id='line_1_1' title="bbox 131 114 853 228; baseline -0.003 -8"><span class='ocrx_word' id='word_1_1' title='bbox 131 114 197 220; x_wconf 80' lang='lat' dir='ltr'>sos</span> <span class='ocrx_word' id='word_1_2' title='bbox 458 157 503 217; x_wconf 86' lang='grc' dir='ltr'>Μ.</span> <span class='ocrx_word' id='word_1_3' title='bbox 518 156 610 218; x_wconf 76' lang='lat' dir='ltr'><strong>vnn.</strong></span> <span class='ocrx_word' id='word_1_4' title='bbox 627 157 853 228; x_wconf 66' lang='lat' dir='ltr'>neronianis</span> 
     </span>
    </p>
   </div>
   <div class='ocr_carea' id='block_1_2' title="bbox 176 307 1066 974">
    <p class='ocr_par' dir='ltr' id='par_1_2' title="bbox 176 307 1066 974">
     <span class='ocr_line' id='line_1_2' title="bbox 217 307 1066 389; baseline 0.004 -20"><span class='ocrx_word' id='word_1_5' title='bbox 217 307 382 370; x_wconf 82' lang='lat' dir='ltr'><strong>Nolentem</strong></span> <span class='ocrx_word' id='word_1_6' title='bbox 401 309 556 386; x_wconf 88' lang='lat' dir='ltr'>sequitur,</span> <span class='ocrx_word' id='word_1_7' title='bbox 576 315 750 388; x_wconf 79' lang='lat' dir='ltr'>tenuesque</span> <span class='ocrx_word' id='word_1_8' title='bbox 766 327 891 369; x_wconf 82' lang='lat' dir='ltr'>reversa</span> <span class='ocrx_word' id='word_1_9' title='bbox 905 328 964 389; x_wconf 88' lang='lat' dir='ltr'>per</span> <span class='ocrx_word' id='word_1_10' title='bbox 980 332 1066 372; x_wconf 83' lang='lat' dir='ltr'>auras</span> 
     </span>
     <span class='ocr_line' id='line_1_3' title="bbox 259 389 1007 472; baseline 0.004 -19"><span class='ocrx_word' id='word_1_11' title='bbox 259 390 321 454; x_wconf 87' lang='lat' dir='ltr'>Vel</span> <span class='ocrx_word' id='word_1_12' title='bbox 335 390 417 472; x_wconf 87' lang='lat' dir='ltr'>pede</span> <span class='ocrx_word' id='word_1_13' title='bbox 431 389 482 450; x_wconf 85' lang='lat' dir='ltr'>vel</span> <span class='ocrx_word' id='word_1_14' title='bbox 497 400 603 470; x_wconf 80' lang='lat' dir='ltr'>tergo,</span> <span class='ocrx_word' id='word_1_15' title='bbox 625 393 712 452; x_wconf 89' lang='lat' dir='ltr'>crine</span> <span class='ocrx_word' id='word_1_16' title='bbox 726 391 783 452; x_wconf 88' lang='lat' dir='ltr'>vel.</span> <span class='ocrx_word' id='word_1_17' title='bbox 789 411 889 471; x_wconf 80' lang='lat' dir='ltr'>ungue</span> <span class='ocrx_word' id='word_1_18' title='bbox 907 393 1007 456; x_wconf 86' lang='lat' dir='ltr'>sedet.</span> 
     </span>
     <span class='ocr_line' id='line_1_4' title="bbox 196 474 1065 555; baseline -0.002 -17"><span class='ocrx_word' id='word_1_19' title='bbox 196 476 351 538; x_wconf 71' lang='lat' dir='ltr'>thubrica</span> <span class='ocrx_word' id='word_1_20' title='bbox 365 476 498 554; x_wconf 81' lang='lat' dir='ltr'>Corycio</span> <span class='ocrx_word' id='word_1_21' title='bbox 513 477 648 552; x_wconf 83' lang='lat' dir='ltr'>quamvis</span> <span class='ocrx_word' id='word_1_22' title='bbox 661 477 724 534; x_wconf 91' lang='lat' dir='ltr'>sint</span> <span class='ocrx_word' id='word_1_23' title='bbox 737 474 855 555; x_wconf 87' lang='lat' dir='ltr'>pulpita</span> <span class='ocrx_word' id='word_1_24' title='bbox 869 479 973 536; x_wconf 86' lang='lat' dir='ltr'><strong>nimbo</strong></span> <span class='ocrx_word' id='word_1_25' title='bbox 1057 505 1065 522; x_wconf 93' lang='lat'><strong>·</strong></span> 
     </span>
     <span class='ocr_line' id='line_1_5' title="bbox 258 556 883 639; baseline 0 -20"><span class='ocrx_word' id='word_1_26' title='bbox 258 561 300 620; x_wconf 84' lang='lat' dir='ltr'>Et</span> <span class='ocrx_word' id='word_1_27' title='bbox 314 561 435 639; x_wconf 78' lang='lat' dir='ltr'><strong>rapiant</strong></span> <span class='ocrx_word' id='word_1_28' title='bbox 450 556 571 618; x_wconf 81' lang='lat' dir='ltr'>celeres</span> <span class='ocrx_word' id='word_1_29' title='bbox 586 557 654 618; x_wconf 87' lang='lat' dir='ltr'>vela</span> <span class='ocrx_word' id='word_1_30' title='bbox 671 568 781 636; x_wconf 84' lang='lat' dir='ltr'>negata</span> <span class='ocrx_word' id='word_1_31' title='bbox 795 561 883 635; x_wconf 84' lang='lat' dir='ltr'>Noti,</span> 
     </span>
     <span class='ocr_line' id='line_1_6' title="bbox 218 640 935 722; baseline -0.001 -19"><span class='ocrx_word' id='word_1_32' title='bbox 218 641 351 703; x_wconf 75' lang='lat' dir='ltr'>Securos</span> <span class='ocrx_word' id='word_1_33' title='bbox 365 643 455 722; x_wconf 90' lang='lat' dir='ltr'>pueri</span> <span class='ocrx_word' id='word_1_34' title='bbox 469 640 615 720; x_wconf 79' lang='lat' dir='ltr'>neglecta</span> <span class='ocrx_word' id='word_1_35' title='bbox 627 643 821 722; x_wconf 85' lang='lat' dir='ltr'>perambulat</span> <span class='ocrx_word' id='word_1_36' title='bbox 836 650 935 719; x_wconf 87' lang='lat' dir='ltr'>artos,</span> 
     </span>
     <span class='ocr_line' id='line_1_7' title="bbox 259 725 903 787; baseline -0.002 0"><span class='ocrx_word' id='word_1_37' title='bbox 259 728 301 787; x_wconf 81' lang='lat' dir='ltr'>Et</span> <span class='ocrx_word' id='word_1_38' title='bbox 315 733 408 786; x_wconf 88' lang='lat' dir='ltr'>nocet</span> <span class='ocrx_word' id='word_1_39' title='bbox 423 726 535 785; x_wconf 83' lang='lat' dir='ltr'>artifici</span> <span class='ocrx_word' id='word_1_40' title='bbox 549 733 659 785; x_wconf 88' lang='lat' dir='ltr'>ventus</span> <span class='ocrx_word' id='word_1_41' title='bbox 675 732 707 786; x_wconf 92' lang='lat' dir='ltr'>et</span> <span class='ocrx_word' id='word_1_42' title='bbox 722 726 803 786; x_wconf 86' lang='lat' dir='ltr'>unda</span> <span class='ocrx_word' id='word_1_43' title='bbox 817 725 903 786; x_wconf 81' lang='lat' dir='ltr'><strong>nihil.</strong></span> 
     </span>
     <span class='ocr_line' id='line_1_8' title="bbox 218 807 957 890; baseline -0.005 -18"><span class='ocrx_word' id='word_1_44' title='bbox 218 810 261 872; x_wconf 84' lang='lat' dir='ltr'>Ut</span> <span class='ocrx_word' id='word_1_45' title='bbox 278 828 409 890; x_wconf 88' lang='lat' dir='ltr'>peccare</span> <span class='ocrx_word' id='word_1_46' title='bbox 423 807 517 885; x_wconf 85' lang='lat' dir='ltr'>velis,</span> <span class='ocrx_word' id='word_1_47' title='bbox 538 829 605 868; x_wconf 85' lang='lat' dir='ltr'>curn</span> <span class='ocrx_word' id='word_1_48' title='bbox 621 810 736 869; x_wconf 85' lang='lat' dir='ltr'>leceris</span> <span class='ocrx_word' id='word_1_49' title='bbox 751 812 867 887; x_wconf 86' lang='lat' dir='ltr'>omnia,</span> <span class='ocrx_word' id='word_1_50' title='bbox 888 809 957 869; x_wconf 88' lang='lat' dir='ltr'><strong>falli</strong></span> 
     </span>
     <span class='ocr_line' id='line_1_9' title="bbox 176 893 1065 974; baseline 0.002 -21"><span class='ocrx_word' id='word_1_51' title='bbox 176 905 211 956; x_wconf 90' lang='lat'>10</span> <span class='ocrx_word' id='word_1_52' title='bbox 259 893 328 954; x_wconf 89' lang='lat' dir='ltr'>Non</span> <span class='ocrx_word' id='word_1_53' title='bbox 342 898 446 972; x_wconf 86' lang='lat' dir='ltr'>potes:</span> <span class='ocrx_word' id='word_1_54' title='bbox 467 899 534 951; x_wconf 90' lang='lat' dir='ltr'>arte</span> <span class='ocrx_word' id='word_1_55' title='bbox 549 911 626 972; x_wconf 88' lang='lat' dir='ltr'>opos</span> <span class='ocrx_word' id='word_1_56' title='bbox 641 899 705 970; x_wconf 84' lang='lat' dir='ltr'>est,</span> <span class='ocrx_word' id='word_1_57' title='bbox 728 900 763 954; x_wconf 88' lang='lat' dir='ltr'>ut</span> <span class='ocrx_word' id='word_1_58' title='bbox 778 895 834 953; x_wconf 88' lang='lat' dir='ltr'>tibi</span> <span class='ocrx_word' id='word_1_59' title='bbox 849 914 951 974; x_wconf 83' lang='lat' dir='ltr'>parma</span> <span class='ocrx_word' id='word_1_60' title='bbox 967 894 1065 960; x_wconf 80' lang='lat' dir='ltr'>cadat</span> 
     </span>
    </p>
   </div>
   <div class='ocr_carea' id='block_1_3' title="bbox 584 1025 721 1086">
    <p class='ocr_par' dir='ltr' id='par_1_3' title="bbox 584 1025 721 1086">
     <span class='ocr_line' id='line_1_10' title="bbox 584 1025 721 1086; baseline 0.015 -2"><span class='ocrx_word' id='word_1_61' title='bbox 584 1025 721 1086; x_wconf 86' lang='lat' dir='ltr'><strong>XXXlX.</strong></span> 
     </span>
    </p>
   </div>
   <div class='ocr_carea' id='block_1_4' title="bbox 165 1137 969 1634">
    <p class='ocr_par' dir='ltr' id='par_1_4' title="bbox 165 1137 969 1634">
     <span class='ocr_line' id='line_1_11' title="bbox 218 1137 946 1216; baseline -0.001 -17"><span class='ocrx_word' id='word_1_62' title='bbox 218 1139 321 1199; x_wconf 88' lang='lat' dir='ltr'>Prima</span> <span class='ocrx_word' id='word_1_63' title='bbox 336 1137 477 1199; x_wconf 85' lang='lat' dir='ltr'>Palatino</span> <span class='ocrx_word' id='word_1_64' title='bbox 491 1137 542 1198; x_wconf 83' lang='lat' dir='ltr'>lux</span> <span class='ocrx_word' id='word_1_65' title='bbox 557 1139 700 1199; x_wconf 84' lang='lat' dir='ltr'>esthacc</span> <span class='ocrx_word' id='word_1_66' title='bbox 715 1146 783 1198; x_wconf 87' lang='lat' dir='ltr'>orta</span> <span class='ocrx_word' id='word_1_67' title='bbox 798 1139 946 1216; x_wconf 81' lang='lat' dir='ltr'>Tonanti,</span> 
     </span>
     <span class='ocr_line' id='line_1_12' title="bbox 260 1221 916 1301; baseline -0.002 -19"><span class='ocrx_word' id='word_1_68' title='bbox 260 1222 407 1301; x_wconf 77' lang='lat' dir='ltr'>Optasset</span> <span class='ocrx_word' id='word_1_69' title='bbox 422 1221 541 1300; x_wconf 80' lang='lat' dir='ltr'>Cybele</span> <span class='ocrx_word' id='word_1_70' title='bbox 558 1240 617 1299; x_wconf 90' lang='lat' dir='ltr'>qua</span> <span class='ocrx_word' id='word_1_71' title='bbox 631 1223 792 1301; x_wconf 85' lang='lat' dir='ltr'>peperisse</span> <span class='ocrx_word' id='word_1_72' title='bbox 806 1222 916 1287; x_wconf 82' lang='lat' dir='ltr'>lovem.</span> 
     </span>
     <span class='ocr_line' id='line_1_13' title="bbox 217 1305 969 1382; baseline -0.003 -16"><span class='ocrx_word' id='word_1_73' title='bbox 217 1307 284 1366; x_wconf 89' lang='lat' dir='ltr'>Hac</span> <span class='ocrx_word' id='word_1_74' title='bbox 301 1311 334 1365; x_wconf 88' lang='lat' dir='ltr'>ct</span> <span class='ocrx_word' id='word_1_75' title='bbox 349 1313 453 1364; x_wconf 90' lang='lat' dir='ltr'>sancta</span> <span class='ocrx_word' id='word_1_76' title='bbox 468 1306 528 1365; x_wconf 91' lang='lat' dir='ltr'>mei</span> <span class='ocrx_word' id='word_1_77' title='bbox 542 1306 646 1382; x_wconf 83' lang='lat' dir='ltr'>genita</span> <span class='ocrx_word' id='word_1_78' title='bbox 661 1313 710 1364; x_wconf 80' lang='lat' dir='ltr'>est</span> <span class='ocrx_word' id='word_1_79' title='bbox 726 1305 876 1365; x_wconf 84' lang='lat' dir='ltr'>Caesonia</span> <span class='ocrx_word' id='word_1_80' title='bbox 890 1307 969 1371; x_wconf 80' lang='lat' dir='ltr'>Rufi.</span> 
     </span>
     <span class='ocr_line' id='line_1_14' title="bbox 165 1387 869 1468; baseline 0 -20"><span class='ocrx_word' id='word_1_81' title='bbox 165 1407 170 1418; x_wconf 91' lang='grc'><strong><em>·</em></strong></span> <span class='ocrx_word' id='word_1_82' title='bbox 260 1388 335 1448; x_wconf 88' lang='lat' dir='ltr'>Plus</span> <span class='ocrx_word' id='word_1_83' title='bbox 353 1387 449 1448; x_wconf 90' lang='lat' dir='ltr'>debet</span> <span class='ocrx_word' id='word_1_84' title='bbox 464 1389 554 1448; x_wconf 83' lang='lat' dir='ltr'>matri</span> <span class='ocrx_word' id='word_1_85' title='bbox 569 1387 653 1448; x_wconf 89' lang='lat' dir='ltr'>nulla</span> <span class='ocrx_word' id='word_1_86' title='bbox 667 1387 773 1468; x_wconf 88' lang='lat' dir='ltr'>puella</span> <span class='ocrx_word' id='word_1_87' title='bbox 787 1408 869 1449; x_wconf 87' lang='lat' dir='ltr'>snae.</span> 
     </span>
     <span class='ocr_line' id='line_1_15' title="bbox 195 1474 916 1550; baseline -0.007 -13"><span class='ocrx_word' id='word_1_88' title='bbox 195 1475 371 1538; x_wconf 67' lang='lat' dir='ltr'>§Laetatur</span> <span class='ocrx_word' id='word_1_89' title='bbox 385 1474 505 1550; x_wconf 84' lang='lat' dir='ltr'>gemina</span> <span class='ocrx_word' id='word_1_90' title='bbox 520 1478 659 1532; x_wconf 85' lang='lat' dir='ltr'>votorum</span> <span class='ocrx_word' id='word_1_91' title='bbox 674 1480 759 1531; x_wconf 89' lang='lat' dir='ltr'>sorte</span> <span class='ocrx_word' id='word_1_92' title='bbox 773 1474 916 1550; x_wconf 84' lang='lat' dir='ltr'>maritus,</span> 
     </span>
     <span class='ocr_line' id='line_1_16' title="bbox 260 1554 936 1634; baseline 0 -16"><span class='ocrx_word' id='word_1_93' title='bbox 260 1557 400 1634; x_wconf 80' lang='lat' dir='ltr'>Contigit</span> <span class='ocrx_word' id='word_1_94' title='bbox 412 1557 494 1616; x_wconf 90' lang='lat' dir='ltr'>hunc</span> <span class='ocrx_word' id='word_1_95' title='bbox 508 1554 556 1614; x_wconf 93' lang='lat' dir='ltr'><strong>illi</strong></span> <span class='ocrx_word' id='word_1_96' title='bbox 571 1554 653 1634; x_wconf 89' lang='lat' dir='ltr'>qnod</span> <span class='ocrx_word' id='word_1_97' title='bbox 669 1557 715 1616; x_wconf 89' lang='lat' dir='ltr'>his</span> <span class='ocrx_word' id='word_1_98' title='bbox 729 1575 830 1615; x_wconf 87' lang='lat' dir='ltr'>amare</span> <span class='ocrx_word' id='word_1_99' title='bbox 849 1555 936 1618; x_wconf 88' lang='lat' dir='ltr'>diem.</span> 
     </span>
    </p>
   </div>
   <div class='ocr_carea' id='block_1_5' title="bbox 625 1687 689 1751">
    <p class='ocr_par' dir='ltr' id='par_1_5' title="bbox 625 1687 689 1751">
     <span class='ocr_line' id='line_1_17' title="bbox 625 1687 689 1751; baseline 0.047 -3"><span class='ocrx_word' id='word_1_100' title='bbox 625 1687 689 1751; x_wconf 89' lang='lat' dir='ltr'>XL.</span> 
     </span>
    </p>
   </div>
   <div class='ocr_carea' id='block_1_6' title="bbox 164 1802 873 2716">
    <p class='ocr_par' dir='ltr' id='par_1_6' title="bbox 164 1802 873 2716">
     <span class='ocr_line' id='line_1_18' title="bbox 218 1802 735 1881; baseline 0.004 -20"><span class='ocrx_word' id='word_1_101' title='bbox 218 1802 369 1881; x_wconf 73' lang='lat' dir='ltr'>&#39;l&#39;arpeias</span> <span class='ocrx_word' id='word_1_102' title='bbox 383 1802 591 1862; x_wconf 76' lang='lat' dir='ltr'>Diodorusad</span> <span class='ocrx_word' id='word_1_103' title='bbox 606 1823 735 1863; x_wconf 91' lang='lat' dir='ltr'>coronas</span> 
     </span>
     <span class='ocr_line' id='line_1_19' title="bbox 218 1885 828 1965; baseline 0.005 -21"><span class='ocrx_word' id='word_1_104' title='bbox 218 1885 344 1945; x_wconf 84' lang='lat' dir='ltr'>Romam</span> <span class='ocrx_word' id='word_1_105' title='bbox 361 1906 428 1946; x_wconf 88' lang='lat' dir='ltr'>curn</span> <span class='ocrx_word' id='word_1_106' title='bbox 443 1894 569 1965; x_wconf 87' lang='lat' dir='ltr'>peteret</span> <span class='ocrx_word' id='word_1_107' title='bbox 583 1887 686 1946; x_wconf 88' lang='lat' dir='ltr'>Pharo</span> <span class='ocrx_word' id='word_1_108' title='bbox 701 1887 828 1965; x_wconf 88' lang='lat' dir='ltr'>relicta,</span> 
     </span>
     <span class='ocr_line' id='line_1_20' title="bbox 217 1969 765 2049; baseline 0.004 -19"><span class='ocrx_word' id='word_1_109' title='bbox 217 1969 310 2030; x_wconf 72' lang='lat' dir='ltr'>Vovit</span> <span class='ocrx_word' id='word_1_110' title='bbox 324 1990 381 2048; x_wconf 91' lang='lat' dir='ltr'>pro</span> <span class='ocrx_word' id='word_1_111' title='bbox 399 1969 502 2030; x_wconf 88' lang='lat' dir='ltr'>reditu</span> <span class='ocrx_word' id='word_1_112' title='bbox 518 1971 576 2029; x_wconf 88' lang='lat' dir='ltr'>viri</span> <span class='ocrx_word' id='word_1_113' title='bbox 591 1969 765 2049; x_wconf 83' lang='lat' dir='ltr'>Philaenis,</span> 
     </span>
     <span class='ocr_line' id='line_1_21' title="bbox 164 2050 785 2136; baseline 0.003 -24"><span class='ocrx_word' id='word_1_114' title='bbox 164 2127 171 2136; x_wconf 40' lang='grc' dir='ltr'>Ι</span> <span class='ocrx_word' id='word_1_115' title='bbox 217 2050 305 2112; x_wconf 83' lang='lat' dir='ltr'><strong>lllam</strong></span> <span class='ocrx_word' id='word_1_116' title='bbox 319 2053 455 2132; x_wconf 84' lang='lat' dir='ltr'>lingeret</span> <span class='ocrx_word' id='word_1_117' title='bbox 469 2062 504 2120; x_wconf 85' lang='lat' dir='ltr'>nt</span> <span class='ocrx_word' id='word_1_118' title='bbox 517 2052 624 2132; x_wconf 86' lang='lat' dir='ltr'>puella</span> <span class='ocrx_word' id='word_1_119' title='bbox 633 2052 785 2134; x_wconf 69' lang='lat' dir='ltr'>simplex,</span> 
     </span>
     <span class='ocr_line' id='line_1_22' title="bbox 196 2136 873 2216; baseline -0.004 -18"><span class='ocrx_word' id='word_1_120' title='bbox 196 2137 318 2212; x_wconf 71' lang='lat' dir='ltr'>tQuam</span> <span class='ocrx_word' id='word_1_121' title='bbox 334 2144 435 2197; x_wconf 88' lang='lat' dir='ltr'>castae</span> <span class='ocrx_word' id='word_1_122' title='bbox 451 2155 573 2216; x_wconf 87' lang='lat' dir='ltr'>qnoque</span> <span class='ocrx_word' id='word_1_123' title='bbox 589 2136 721 2214; x_wconf 84' lang='lat' dir='ltr'>diligunt</span> <span class='ocrx_word' id='word_1_124' title='bbox 735 2138 873 2198; x_wconf 87' lang='lat' dir='ltr'><strong>Sabinae.</strong></span> 
     </span>
     <span class='ocr_line' id='line_1_23' title="bbox 218 2220 765 2300; baseline 0 -21"><span class='ocrx_word' id='word_1_125' title='bbox 218 2220 366 2300; x_wconf 87' lang='lat' dir='ltr'>Dispersa</span> <span class='ocrx_word' id='word_1_126' title='bbox 380 2228 448 2280; x_wconf 87' lang='lat' dir='ltr'>rate</span> <span class='ocrx_word' id='word_1_127' title='bbox 463 2222 604 2280; x_wconf 88' lang='lat' dir='ltr'>tristibus</span> <span class='ocrx_word' id='word_1_128' title='bbox 617 2221 765 2299; x_wconf 88' lang='lat' dir='ltr'>procellis</span> 
     </span>
     <span class='ocr_line' id='line_1_24' title="bbox 217 2304 813 2384; baseline 0.002 -21"><span class='ocrx_word' id='word_1_129' title='bbox 217 2304 342 2364; x_wconf 87' lang='lat' dir='ltr'>Mersus</span> <span class='ocrx_word' id='word_1_130' title='bbox 357 2306 500 2364; x_wconf 85' lang='lat' dir='ltr'>fluctibus</span> <span class='ocrx_word' id='word_1_131' title='bbox 515 2305 704 2381; x_wconf 87' lang='lat' dir='ltr'>obrutusque</span> <span class='ocrx_word' id='word_1_132' title='bbox 718 2313 813 2384; x_wconf 92' lang='lat' dir='ltr'>ponto</span> 
     </span>
     <span class='ocr_line' id='line_1_25' title="bbox 219 2387 711 2447; baseline 0.002 -1"><span class='ocrx_word' id='word_1_133' title='bbox 219 2387 268 2446; x_wconf 84' lang='lat' dir='ltr'>Ad</span> <span class='ocrx_word' id='word_1_134' title='bbox 284 2396 386 2446; x_wconf 82' lang='lat' dir='ltr'>votum</span> <span class='ocrx_word' id='word_1_135' title='bbox 402 2388 554 2447; x_wconf 83' lang='lat' dir='ltr'>Diodorus</span> <span class='ocrx_word' id='word_1_136' title='bbox 570 2389 711 2447; x_wconf 76' lang='lat' dir='ltr'>enatavit.</span> 
     </span>
     <span class='ocr_line' id='line_1_26' title="bbox 210 2469 781 2549; baseline 0 -20"><span class='ocrx_word' id='word_1_137' title='bbox 210 2469 247 2536; x_wconf 75' lang='lat'>‚0</span> <span class='ocrx_word' id='word_1_138' title='bbox 264 2470 370 2530; x_wconf 87' lang='lat' dir='ltr'>tardus</span> <span class='ocrx_word' id='word_1_139' title='bbox 384 2473 475 2530; x_wconf 88' lang='lat' dir='ltr'>nimis</span> <span class='ocrx_word' id='word_1_140' title='bbox 491 2479 524 2530; x_wconf 91' lang='lat' dir='ltr'>et</span> <span class='ocrx_word' id='word_1_141' title='bbox 538 2471 627 2549; x_wconf 85' lang='lat' dir='ltr'>piger</span> <span class='ocrx_word' id='word_1_142' title='bbox 641 2470 781 2530; x_wconf 86' lang='lat' dir='ltr'>maritos!</span> 
     </span>
     <span class='ocr_line' id='line_1_27' title="bbox 177 2552 712 2633; baseline -0.004 -18"><span class='ocrx_word' id='word_1_143' title='bbox 177 2554 285 2615; x_wconf 81' lang='lat' dir='ltr'>lolloc</span> <span class='ocrx_word' id='word_1_144' title='bbox 298 2555 330 2611; x_wconf 92' lang='lat' dir='ltr'>in</span> <span class='ocrx_word' id='word_1_145' title='bbox 344 2552 438 2612; x_wconf 88' lang='lat' dir='ltr'>litore</span> <span class='ocrx_word' id='word_1_146' title='bbox 453 2555 479 2612; x_wconf 92' lang='lat' dir='ltr'>si</span> <span class='ocrx_word' id='word_1_147' title='bbox 494 2553 596 2633; x_wconf 88' lang='lat' dir='ltr'>puella</span> <span class='ocrx_word' id='word_1_148' title='bbox 610 2562 712 2613; x_wconf 79' lang='lat' dir='ltr'>votum</span> 
     </span>
     <span class='ocr_line' id='line_1_28' title="bbox 219 2636 796 2716; baseline -0.002 -18"><span class='ocrx_word' id='word_1_149' title='bbox 219 2636 361 2698; x_wconf 80' lang='lat' dir='ltr'>Fecisset</span> <span class='ocrx_word' id='word_1_150' title='bbox 376 2656 460 2715; x_wconf 89' lang='lat' dir='ltr'>mea,</span> <span class='ocrx_word' id='word_1_151' title='bbox 480 2638 620 2716; x_wconf 91' lang='lat' dir='ltr'>protinus</span> <span class='ocrx_word' id='word_1_152' title='bbox 637 2636 796 2697; x_wconf 89' lang='lat' dir='ltr'>redissem.</span> 
     </span>
    </p>
   </div>
   <div class='ocr_carea' id='block_1_7' title="bbox 616 2769 691 2830">
    <p class='ocr_par' dir='ltr' id='par_1_7' title="bbox 616 2769 691 2830">
     <span class='ocr_line' id='line_1_29' title="bbox 616 2769 691 2830; baseline 0 -1"><span class='ocrx_word' id='word_1_153' title='bbox 616 2769 691 2830; x_wconf 91' lang='lat' dir='ltr'>XLl.</span> 
     </span>
    </p>
   </div>
   <div class='ocr_carea' id='block_1_8' title="bbox 196 2869 1172 3370">
    <p class='ocr_par' dir='ltr' id='par_1_8' title="bbox 196 2869 1172 3370">
     <span class='ocr_line' id='line_1_30' title="bbox 219 2869 1077 2960; baseline 0.005 -22"><span class='ocrx_word' id='word_1_154' title='bbox 219 2880 365 2956; x_wconf 87' lang='lat' dir='ltr'>Pontice,</span> <span class='ocrx_word' id='word_1_155' title='bbox 387 2879 469 2958; x_wconf 83' lang='lat' dir='ltr'>quod</span> <span class='ocrx_word' id='word_1_156' title='bbox 484 2899 636 2959; x_wconf 87' lang='lat' dir='ltr'>nunquam</span> <span class='ocrx_word' id='word_1_157' title='bbox 652 2869 763 2957; x_wconf 77' lang='lat' dir='ltr'>futuis,</span> <span class='ocrx_word' id='word_1_158' title='bbox 785 2879 840 2938; x_wconf 90' lang='lat' dir='ltr'>sed</span> <span class='ocrx_word' id='word_1_159' title='bbox 854 2879 968 2960; x_wconf 87' lang='lat' dir='ltr'>pellice</span> <span class='ocrx_word' id='word_1_160' title='bbox 984 2878 1077 2942; x_wconf 81' lang='lat' dir='ltr'>laeva</span> 
     </span>
     <span class='ocr_line' id='line_1_31' title="bbox 261 2960 909 3040; baseline 0 -18"><span class='ocrx_word' id='word_1_161' title='bbox 261 2963 367 3023; x_wconf 82' lang='lat' dir='ltr'>Uteris</span> <span class='ocrx_word' id='word_1_162' title='bbox 383 2970 416 3022; x_wconf 87' lang='lat' dir='ltr'>et</span> <span class='ocrx_word' id='word_1_163' title='bbox 430 2960 548 3024; x_wconf 88' lang='lat' dir='ltr'>Veneri</span> <span class='ocrx_word' id='word_1_164' title='bbox 563 2964 659 3021; x_wconf 88' lang='lat' dir='ltr'>servit</span> <span class='ocrx_word' id='word_1_165' title='bbox 676 2964 771 3022; x_wconf 88' lang='lat' dir='ltr'>amica</span> <span class='ocrx_word' id='word_1_166' title='bbox 786 2979 909 3040; x_wconf 87' lang='lat' dir='ltr'>manos,</span> 
     </span>
     <span class='ocr_line' id='line_1_32' title="bbox 218 3044 1172 3126; baseline 0.002 -22"><span class='ocrx_word' id='word_1_167' title='bbox 218 3047 287 3104; x_wconf 88' lang='lat' dir='ltr'>Hoc</span> <span class='ocrx_word' id='word_1_168' title='bbox 298 3045 377 3104; x_wconf 89' lang='lat' dir='ltr'><strong>nihil</strong></span> <span class='ocrx_word' id='word_1_169' title='bbox 390 3064 458 3106; x_wconf 91' lang='lat' dir='ltr'>esse</span> <span class='ocrx_word' id='word_1_170' title='bbox 470 3046 584 3125; x_wconf 75' lang='lat' dir='ltr'>putas?</span> <span class='ocrx_word' id='word_1_171' title='bbox 596 3044 697 3106; x_wconf 88' lang='lat' dir='ltr'>scelus</span> <span class='ocrx_word' id='word_1_172' title='bbox 711 3053 769 3122; x_wconf 89' lang='lat' dir='ltr'>est,</span> <span class='ocrx_word' id='word_1_173' title='bbox 783 3047 857 3105; x_wconf 90' lang='lat' dir='ltr'><strong>mihi</strong></span> <span class='ocrx_word' id='word_1_174' title='bbox 870 3046 974 3125; x_wconf 87' lang='lat' dir='ltr'>crede,</span> <span class='ocrx_word' id='word_1_175' title='bbox 986 3048 1048 3107; x_wconf 85' lang='lat' dir='ltr'>sed</span> <span class='ocrx_word' id='word_1_176' title='bbox 1060 3049 1172 3126; x_wconf 78' lang='lat' dir='ltr'>ingens.</span> 
     </span>
     <span class='ocr_line' id='line_1_33' title="bbox 263 3129 903 3209; baseline 0.005 -22"><span class='ocrx_word' id='word_1_177' title='bbox 263 3129 414 3204; x_wconf 82' lang='lat' dir='ltr'>Quantum</span> <span class='ocrx_word' id='word_1_178' title='bbox 430 3131 478 3188; x_wconf 85' lang='lat' dir='ltr'>vix</span> <span class='ocrx_word' id='word_1_179' title='bbox 493 3131 591 3188; x_wconf 91' lang='lat' dir='ltr'>animo</span> <span class='ocrx_word' id='word_1_180' title='bbox 608 3130 744 3209; x_wconf 87' lang='lat' dir='ltr'>concipis</span> <span class='ocrx_word' id='word_1_181' title='bbox 758 3132 825 3208; x_wconf 89' lang='lat' dir='ltr'>ipse</span> <span class='ocrx_word' id='word_1_182' title='bbox 842 3138 903 3192; x_wconf 88' lang='lat' dir='ltr'>too.</span> 
     </span>
     <span class='ocr_line' id='line_1_34' title="bbox 196 3211 1079 3290; baseline 0.005 -19"><span class='ocrx_word' id='word_1_183' title='bbox 196 3212 338 3289; x_wconf 80' lang='lat' dir='ltr'>5Nempe</span> <span class='ocrx_word' id='word_1_184' title='bbox 354 3211 451 3270; x_wconf 90' lang='lat' dir='ltr'>semel</span> <span class='ocrx_word' id='word_1_185' title='bbox 466 3213 576 3288; x_wconf 84' lang='lat' dir='ltr'>futuit,</span> <span class='ocrx_word' id='word_1_186' title='bbox 598 3220 764 3290; x_wconf 85' lang='lat' dir='ltr'>generaret</span> <span class='ocrx_word' id='word_1_187' title='bbox 777 3213 925 3272; x_wconf 89' lang='lat' dir='ltr'>Horatius</span> <span class='ocrx_word' id='word_1_188' title='bbox 940 3221 974 3272; x_wconf 92' lang='lat' dir='ltr'>ut</span> <span class='ocrx_word' id='word_1_189' title='bbox 988 3219 1079 3290; x_wconf 86' lang='lat' dir='ltr'>tres;</span> 
     </span>
     <span class='ocr_line' id='line_1_35' title="bbox 262 3292 961 3370; baseline 0.007 -20"><span class='ocrx_word' id='word_1_190' title='bbox 262 3293 347 3351; x_wconf 90' lang='lat' dir='ltr'>Mars</span> <span class='ocrx_word' id='word_1_191' title='bbox 361 3292 475 3368; x_wconf 88' lang='lat' dir='ltr'>semel,</span> <span class='ocrx_word' id='word_1_192' title='bbox 498 3301 531 3352; x_wconf 88' lang='lat' dir='ltr'>ut</span> <span class='ocrx_word' id='word_1_193' title='bbox 545 3296 682 3370; x_wconf 81' lang='lat' dir='ltr'>geminos</span> <span class='ocrx_word' id='word_1_194' title='bbox 698 3294 752 3354; x_wconf 88' lang='lat' dir='ltr'><strong>llia</strong></span> <span class='ocrx_word' id='word_1_195' title='bbox 766 3305 850 3355; x_wconf 90' lang='lat' dir='ltr'>casta</span> <span class='ocrx_word' id='word_1_196' title='bbox 865 3295 961 3355; x_wconf 85' lang='lat' dir='ltr'>daret.</span> 
     </span>
    </p>
   </div>
   <div class='ocr_carea' id='block_1_9' title="bbox 222 3367 979 3458">
    <p class='ocr_par' dir='ltr' id='par_1_9' title="bbox 222 3367 979 3458">
     <span class='ocr_line' id='line_1_36' title="bbox 222 3367 979 3458; baseline 0.012 -28"><span class='ocrx_word' id='word_1_197' title='bbox 222 3372 332 3432; x_wconf 88' lang='lat' dir='ltr'><strong>Omnia</strong></span> <span class='ocrx_word' id='word_1_198' title='bbox 344 3373 563 3452; x_wconf 82' lang='lat' dir='ltr'>perdiderant,</span> <span class='ocrx_word' id='word_1_199' title='bbox 585 3379 612 3434; x_wconf 94' lang='lat' dir='ltr'>si</span> <span class='ocrx_word' id='word_1_200' title='bbox 625 3380 831 3438; x_wconf 86' lang='lat' dir='ltr'>masturbatus</span> <span class='ocrx_word' id='word_1_201' title='bbox 847 3367 979 3458; x_wconf 82' lang='lat' dir='ltr'>ulerqne</span> 
     </span>
    </p>
   </div>
   <div class='ocr_carea' id='block_1_10' title="bbox 0 0 1200 3888">
    <p class='ocr_par' dir='ltr' id='par_1_10' title="bbox 0 0 1200 3888">
     <span class='ocr_line' id='line_1_37' title="bbox 0 0 1200 3888; baseline 0 0"><span class='ocrx_word' id='word_1_202' title='bbox 0 0 1200 3888; x_wconf 95' lang='lat' dir='ltr'> </span> 
     </span>
    </p>
   </div>
  </div>
 </body>
</html>
