2430 3894
316 183 657 248 EPIGRAMMA'PON
669 183 745 245 L1B.
760 185 813 247 lV.
1047 183 1090 248 93

531 333 608 394 XLI.
736 379 741 387 .

134 453 216 534 Quid
231 454 418 513 recitaturus
436 450 606 512 circumdas
620 448 740 510 vellera
755 447 861 510 collo?

176 537 374 599 Conveniunt
387 538 503 596 nostris
519 534 717 594 auribus'ista
733 537 838 612 magis.

525 668 615 729 XLII.

134 784 168 844 Si
183 783 251 862 quis
268 782 352 842 forte
366 781 441 839 mihi
454 782 553 860 possit
567 786 727 858 praestare
741 782 879 858 roganti,

175 864 274 944 Audi,
296 883 386 943 quem
401 883 547 944 puerum,
567 862 699 940 Places,
721 881 865 940 rogare
846 862 949 926 uelim.

134 949 259 1011 Niliacis
273 950 404 1028 primum
418 965 497 1028 puer
514 948 566 1007 hio
581 948 751 1006 nascatur
741 965 773 1005 ιιι
789 948 866 1006 oris:

175 1032 337 1112 Nequitias
351 1029 448 1091 tellus
466 1031 526 1090 scit
540 1029 614 1089 dare
629 1027 714 1089 nulla
729 1031 833 1107 magis.

114 1118 184 1180 usit
197 1117 267 1176 nive
283 1113 460 1175 candidior·
480 1133 611 1193 namque
626 1115 658 1172 in
673 1112 850 1194 Mareotide
865 1113 952 1198 fusca

176 1197 342 1260 Pulchrior
357 1205 406 1258 est
412 1203 556 1278 ,quanto
571 1199 671 1257 rarior
685 1186 746 1257 iste
761 1195 856 1257 color.
947 1209 955 1219 ·“

134 1284 263 1344 Lumina
278 1241 432 1344 sideribus
447 1287 570 1342 certent
584 1278 756 1358 mollesque
770 1279 934 1360 flagellent

177 1365 268 1429 Colla
282 1383 402 1427 comae.
423 1371 522 1425 tortas
536 1385 596 1425 uon
614 1385 696 1442 amo,
716 1363 845 1444 Flacco,
868 1384 979 1428 comas.

134 1453 236 1512 Frons
250 1451 353 1511 brevis
369 1455 461 1528 atque
476 1447 584 1509 m'odus
598 1447 712 1508 leviter
727 1449 768 1507 sit
784 1449 909 1508 naribus
924 1448 1028 1525 uncis,

92 1547 128 1600 10
177 1535 336 1595 Paestanis
353 1534 486 1594 rubeant
501 1531 620 1592 aemula
633 1530 720 1592 labra
737 1533 833 1610 rosis,

135 1618 235 1699 Saepe
250 1625 283 1678 et
296 1615 456 1678 nolentem
471 1623 559 1695 cogat
573 1615 714 1695 nolitque
728 1613 901 1693 volentem,

176 1703 321 1763 Liberior
336 1700 458 1760 domiuo
473 1719 565 1781 saepe
580 1701 621 1760 sit
633 1697 691 1759 ille
709 1719 782 1773 suo;

133 1788 177 1848 Et
191 1788 299 1847 timeat
313 1803 444 1864 pueros,
466 1782 608 1844 excludat
622 1801 716 1863 saepe
731 1780 869 1863 puellas.

176 1871 234 1932 Vir
248 1868 393 1947 reliquis,
416 1869 467 1927 uni
482 1869 523 1928 sit
535 1887 613 1947 puer
627 1865 684 1926 ille
700 1867 784 1926 mihi

92 1965 142 2034 15,
144 1911 497 2033 ,lamacio,uecl'alles·
512 1971 581 2010 nam
594 1948 1075 2031 mequoqueludiceverumest

177 2035 265 2098 'Palis
282 2035 371 2096 erat“
386 2033 463 2094 dicis
479 2041 608 2113 „noster
622 2035 833 2094 Amazonicus.
836 2034 856 2069 “

517 2167 623 2230 XLlll.

131 2282 203 2342 Non
218 2280 296 2360 dixi,
319 2281 487 2357 coracino,
507 2287 539 2338 te
555 2277 732 2339 cinaedum:

131 2361 204 2426 Non
218 2384 283 2425 sum
298 2371 359 2424 tam
375 2364 559 2423 temerarius
573 2381 632 2422 nec
647 2361 760 2440 undu,

132 2451 199 2512 Nec
213 2448 371 2508 mendacia
387 2449 439 2526 qui
455 2445 567 2526 loquar
581 2445 729 2510 libenter.

133 2533 168 2592 Si
183 2530 263 2610 dixi,
285 2533 454 2610 concine,
476 2538 508 2591 te
525 2529 701 2610 cinaedum,

110 2616 247 2680 51ratam
262 2616 337 2676 mihi
354 2615 484 2675 Pontiae
497 2615 655 2694 lagonam,

131 2700 247 2761 Iratum
264 2698 393 2760 calicem
406 2701 482 2761 mihi
498 2698 617 2760 Metili·

131 2784 204 2844 luro
217 2802 275 2864 per
289 2784 397 2863 Syrios
411 2784 468 2844 tibi
483 2790 637 2861 tumores,

133 2867 206 2927 loro
221 2887 281 2946 per-
293 2868 497 2948 Berecyntios
514 2867 648 2928 furores.

133 2949 225 3026 Quod
239 2950 302 3012 dixi
317 2958 437 3030 tamen,
455 2951 516 3012 hoc
532 2949 603 3011 leve
618 2955 651 3010 et
663 2947 825 3030 pusillum,

88 3033 224 3111 10Quod
238 3042 344 3095 notum
362 3041 426 3113 est,
449 3034 532 3114 quod
547 3037 604 3094 et
595 3052 662 3116 ipse
676 3053 738 3095 uon
753 3033 897 3113 negabis,

129 3118 203 3180 Dixi
216 3125 266 3199 te,
288 3120 456 3198 (loracine,
479 3117 698 3198 cunuilingum.

514 3254 620 3318 XLIV.

129 3351 194 3412 Hic
212 3356 262 3410 est
275 3353 447 3432 pampineis
460 3352 568 3412 viridis
583 3351 674 3412 modo
689 3351 820 3414 Vesvius
833 3349 965 3428 umbris,

175 3433 343 3496 Presserat
357 3437 408 3496 hic
422 3434 561 3496 madidos
578 3435 691 3496 nobilis
705 3455 763 3495 uva
777 3432 872 3496 lacus.
