2426 3900
443 205 486 265 M.
502 205 594 267 VAL.
610 205 836 268 MARTIALIS
943 213 949 222 '

601 403 683 466 XIX.

202 520 346 582 Proxime
361 519 501 578 centenis
518 517 692 577 ostenditur
706 536 779 577 ursa
793 514 965 599 columnis,

245 604 404 663 Exornant
419 603 510 660 lictae
526 621 585 681 qua
598 598 764 680 platanona
777 601 874 663 ferae.

202 686 301 746 Huius
317 684 387 744 dum
402 683 523 763 patulos
538 682 678 743 alludens
696 691 828 764 temptet
841 685 943 746 hiatus

124 794 127 798 ·
244 768 380 830 Pulcher
394 765 509 846 Hylas,
531 773 671 827 teneram
686 768 795 828 mersit
809 770 842 827 in
858 787 912 828 ora
928 787 1065 834 manum.

181 853 320 932 5Vipera
334 849 390 911 sed
404 869 495 910 caeco
511 848 665 911 scelerata
677 848 796 912 latebat
809 854 843 911 in
857 870 929 912 aere

245 935 438 1014 Vivebatque
453 934 551 993 anima
564 932 724 994 deteriore
738 936 815 996 fera.

202 1019 272 1080 Non
285 1019 383 1079 sensit
398 1036 477 1098 puer
492 1035 561 1077 esse
576 1014 680 1094 dolos,
701 1019 761 1078 nisi
776 1016 870 1077 dente
885 1024 1034 1098 recepto,

245 1102 323 1161 llum
336 1102 438 1181 perit:
461 1121 479 1161 o
494 1101 629 1186 facinus,
647 1098 724 1161 false
739 1099 822 1181 quod
839 1120 911 1161 urse
924 1101 999 1162 fuit!

608 1232 676 1296 XX.

203 1344 276 1422 Dic,
297 1344 403 1420 Musa,
427 1343 501 1423 quid
516 1354 585 1423 agat
599 1347 712 1406 Canius
726 1363 812 1405 meus
827 1345 940 1407 Rufus:

202 1428 354 1489 Utrumne
373 1427 488 1488 chartis
502 1428 599 1488 tradit
613 1428 670 1489 ille
684 1430 811 1489 victuris

202 1510 350 1590 Legenda
364 1516 538 1594 temporum
554 1519 622 1572 acta
635 1511 894 1573 Claudianorum?

202 1595 252 1654 An
268 1613 346 1674 quac
359 1595 476 1654 Neroni
491 1595 586 1655 falsus
601 1595 711 1655 astruit
726 1595 883 1675 scriptor?

180 1678 253 1739 usn
268 1675 439 1738 aemuletur
452 1679 585 1758 improbi
600 1680 684 1738 iocos
698 1678 857 1739 Phaedri?

202 1758 346 1821 Lascivus
362 1759 460 1839 elegis
476 1781 514 1820 en
529 1779 654 1844 severus
670 1761 799 1821 herois?

201 1844 251 1903 An
266 1844 298 1903 in
313 1845 472 1904 cothurnis
486 1844 631 1904 horridus
646 1841 851 1924 Sophocleis?

201 1927 251 1986 An
267 1928 383 1986 otiosus
398 1928 431 1987 in
445 1925 552 1987 schola
565 1936 725 2007 poetarum

200 2009 324 2088 Lepore
338 2011 452 2070 tinctos
467 2013 572 2072 Attico
588 2011 668 2072 seles
683 2011 810 2070 narrat?

160 2091 280 2155 10Hinc
296 2093 322 2151 si
337 2095 485 2171 recessit,
507 2095 660 2172 porticum
675 2091 751 2174 terit
763 2091 874 2172 templi

200 2176 250 2235 An
265 2177 363 2255 spatia
378 2177 477 2255 carpit
492 2175 596 2236 lentus
609 2177 877 2256 Argonautarum?

201 2260 250 2320 An
266 2256 419 2320 delicatae
435 2261 501 2321 sole
515 2279 623 2320 rursus
637 2263 781 2339 Europae

201 2343 286 2402 Inter
300 2351 445 2424 tepentes
459 2351 531 2425 post
549 2344 711 2405 meridiem
727 2345 822 2403 buxos

202 2425 300 2486 Sedet
315 2426 486 2488 ambulatve
500 2427 583 2488 liber
598 2429 720 2488 acribus
735 2427 840 2486 curis?

159 2517 193 2568 15
201 2509 307 2568 Titine
322 2510 452 2569 thermis
466 2529 505 2569 an
520 2509 639 2570 lavatur
653 2512 811 2591 Agrippae

200 2592 250 2651 An
265 2590 412 2671 impudici
425 2591 538 2652 balneo
554 2593 718 2670 Tigillini?

200 2675 251 2734 An
267 2692 341 2733 rure
357 2672 444 2734 Tulli
459 2675 573 2735 fruitur
589 2683 682 2756 etque
696 2677 835 2737 Luceni?

200 2759 250 2816 An
265 2755 404 2818 Polionis
419 2757 509 2818 dulce
526 2761 623 2819 currit
637 2760 675 2819 ad
691 2760 855 2838 quartum?

201 2841 251 2900 An
267 2846 444 2902 aestuantes
458 2845 517 2902 iam
531 2843 691 2922 proiectus
707 2843 745 2914 ud
760 2843 848 2903 Baias

159 2923 293 3003 20Piger
307 2925 440 2986 Lucrino
455 2925 637 2986 nauculatur
651 2928 684 2986 in
698 2927 829 3006 stagno?

201 3007 279 3085 „Vis
295 3009 377 3068 scire
391 3009 465 3088 qnid
481 3016 550 3088 aget
564 3010 676 3070 Canius
692 3011 785 3071 tuus?
812 3006 937 3069 Ridet.“

602 3143 684 3207 XXl.

201 3249 414 3329 Proscriptum
429 3252 560 3314 famulus
576 3255 708 3314 servavit
724 3255 830 3314 fronte
845 3256 959 3312 notata.

241 3331 311 3391 Non
325 3333 385 3394 fult
400 3336 477 3396 haec
492 3335 608 3397 domini
624 3337 700 3405 vita,
722 3335 778 3396 sed
792 3334 913 3399 invidia.
