<?xml version="1.0" encoding="UTF-8"?>
<!DOCTYPE html PUBLIC "-//W3C//DTD XHTML 1.0 Transitional//EN"
    "http://www.w3.org/TR/xhtml1/DTD/xhtml1-transitional.dtd">
<html xmlns="http://www.w3.org/1999/xhtml" xml:lang="en" lang="en">
 <head>
  <title>
</title>
<meta http-equiv="Content-Type" content="text/html;charset=utf-8" />
  <meta name='ocr-system' content='tesseract 3.04.00' />
  <meta name='ocr-capabilities' content='ocr_page ocr_carea ocr_par ocr_line ocrx_word'/>
</head>
<body>
  <div class='ocr_page' id='page_1' title='image "./diuniiiuvenalis02juvegoog_0427.png"; bbox 0 0 2460 3878; ppageno 0'>
   <div class='ocr_carea' id='block_1_1' title="bbox 128 173 969 284">
    <p class='ocr_par' dir='ltr' id='par_1_1' title="bbox 128 173 969 284">
     <span class='ocr_line' id='line_1_1' title="bbox 128 173 969 284; baseline 0.006 -6"><span class='ocrx_word' id='word_1_1' title='bbox 128 215 191 280; x_wconf 73' lang='lat' dir='ltr'><strong>aaa</strong></span> <span class='ocrx_word' id='word_1_2' title='bbox 329 173 913 282; x_wconf 71' lang='lat' dir='ltr'><strong>nvannsnu&#39;rnulsur1oun</strong></span> <span class='ocrx_word' id='word_1_3' title='bbox 931 222 969 284; x_wconf 77' lang='lat' dir='ltr'><strong>u</strong></span> 
     </span>
    </p>
   </div>
   <div class='ocr_carea' id='block_1_2' title="bbox 119 368 841 548">
    <p class='ocr_par' dir='ltr' id='par_1_2' title="bbox 119 368 841 548">
     <span class='ocr_line' id='line_1_2' title="bbox 213 368 749 447; baseline -0.002 -17"><span class='ocrx_word' id='word_1_4' title='bbox 213 368 400 446; x_wconf 80' lang='lat' dir='ltr'><strong>Gaditanus,</strong></span> <span class='ocrx_word' id='word_1_5' title='bbox 423 370 531 447; x_wconf 69' lang='lat' dir='ltr'><strong>civite,</strong></span> <span class='ocrx_word' id='word_1_6' title='bbox 553 369 636 429; x_wconf 87' lang='lat' dir='ltr'><strong>dicat</strong></span> <span class='ocrx_word' id='word_1_7' title='bbox 650 368 749 447; x_wconf 86' lang='lat' dir='ltr'><strong>istud,</strong></span> 
     </span>
     <span class='ocr_line' id='line_1_3' title="bbox 119 451 841 548; baseline 0.004 -36"><span class='ocrx_word' id='word_1_8' title='bbox 119 533 124 548; x_wconf 35' lang='lat'><strong>·</strong></span> <span class='ocrx_word' id='word_1_9' title='bbox 213 453 271 530; x_wconf 78' lang='lat' dir='ltr'><strong>Qui</strong></span> <span class='ocrx_word' id='word_1_10' title='bbox 288 453 398 514; x_wconf 80' lang='lat' dir='ltr'><strong>scribit</strong></span> <span class='ocrx_word' id='word_1_11' title='bbox 412 451 492 512; x_wconf 88' lang='lat' dir='ltr'><strong>nihil</strong></span> <span class='ocrx_word' id='word_1_12' title='bbox 507 458 540 513; x_wconf 89' lang='lat' dir='ltr'><strong>et</strong></span> <span class='ocrx_word' id='word_1_13' title='bbox 557 458 661 512; x_wconf 89' lang='lat' dir='ltr'><strong>tamen</strong></span> <span class='ocrx_word' id='word_1_14' title='bbox 677 461 770 533; x_wconf 88' lang='lat' dir='ltr'><strong>poeta</strong></span> <span class='ocrx_word' id='word_1_15' title='bbox 784 462 841 516; x_wconf 89' lang='lat' dir='ltr'><strong>est.</strong></span> 
     </span>
    </p>
   </div>
   <div class='ocr_carea' id='block_1_3' title="bbox 604 586 681 646">
    <p class='ocr_par' dir='ltr' id='par_1_3' title="bbox 604 586 681 646">
     <span class='ocr_line' id='line_1_4' title="bbox 604 586 681 646; baseline -0.039 1"><span class='ocrx_word' id='word_1_16' title='bbox 604 586 681 646; x_wconf 82' lang='lat'><em>0111.</em></span> 
     </span>
    </p>
   </div>
   <div class='ocr_carea' id='block_1_4' title="bbox 169 698 1101 1698">
    <p class='ocr_par' dir='ltr' id='par_1_4' title="bbox 169 698 1101 1698">
     <span class='ocr_line' id='line_1_5' title="bbox 213 698 966 780; baseline 0.005 -21"><span class='ocrx_word' id='word_1_17' title='bbox 213 699 403 780; x_wconf 83' lang='lat' dir='ltr'><strong>Municipes,</strong></span> <span class='ocrx_word' id='word_1_18' title='bbox 426 701 562 779; x_wconf 79' lang='lat' dir='ltr'><strong>Augusta</strong></span> <span class='ocrx_word' id='word_1_19' title='bbox 577 700 652 760; x_wconf 87' lang='lat' dir='ltr'><strong>mibi</strong></span> <span class='ocrx_word' id='word_1_20' title='bbox 662 711 745 778; x_wconf 87' lang='lat' dir='ltr'><strong>&#39;quos</strong></span> <span class='ocrx_word' id='word_1_21' title='bbox 761 698 886 762; x_wconf 87' lang='lat' dir='ltr'><strong>Bilbilis</strong></span> <span class='ocrx_word' id='word_1_22' title='bbox 901 704 966 763; x_wconf 86' lang='lat' dir='ltr'><strong>acri</strong></span> 
     </span>
     <span class='ocr_line' id='line_1_6' title="bbox 253 782 1046 867; baseline 0.008 -24"><span class='ocrx_word' id='word_1_23' title='bbox 253 784 363 844; x_wconf 81' lang='lat' dir='ltr'><strong>Monte</strong></span> <span class='ocrx_word' id='word_1_24' title='bbox 378 789 481 862; x_wconf 84' lang='lat' dir='ltr'><strong>creat,</strong></span> <span class='ocrx_word' id='word_1_25' title='bbox 503 782 619 863; x_wconf 78' lang='lat' dir='ltr'><strong>rapidis</strong></span> <span class='ocrx_word' id='word_1_26' title='bbox 635 802 725 862; x_wconf 88' lang='lat' dir='ltr'><strong>quem</strong></span> <span class='ocrx_word' id='word_1_27' title='bbox 741 782 812 844; x_wconf 89' lang='lat' dir='ltr'><strong>Salo</strong></span> <span class='ocrx_word' id='word_1_28' title='bbox 829 786 925 863; x_wconf 79' lang='lat' dir='ltr'><strong>cingit</strong></span> <span class='ocrx_word' id='word_1_29' title='bbox 940 790 1046 867; x_wconf 83' lang='lat' dir='ltr'><strong>aquis,</strong></span> 
     </span>
     <span class='ocr_line' id='line_1_7' title="bbox 212 865 933 945; baseline 0.001 -17"><span class='ocrx_word' id='word_1_30' title='bbox 212 865 334 945; x_wconf 81' lang='lat' dir='ltr'><strong>Ecquid</strong></span> <span class='ocrx_word' id='word_1_31' title='bbox 347 866 428 927; x_wconf 84' lang='lat' dir='ltr'><strong>laets</strong></span> <span class='ocrx_word' id='word_1_32' title='bbox 441 868 524 927; x_wconf 84' lang='lat' dir='ltr'><strong>iuvat</strong></span> <span class='ocrx_word' id='word_1_33' title='bbox 538 869 633 926; x_wconf 84' lang='lat' dir='ltr'><strong>vestri</strong></span> <span class='ocrx_word' id='word_1_34' title='bbox 650 887 705 927; x_wconf 81' lang='lat' dir='ltr'><strong>uos</strong></span> <span class='ocrx_word' id='word_1_35' title='bbox 720 865 818 944; x_wconf 85' lang='lat' dir='ltr'><strong>gloria</strong></span> <span class='ocrx_word' id='word_1_36' title='bbox 832 870 933 930; x_wconf 73' lang='lat' dir='ltr'><strong>vatis?</strong></span> 
     </span>
     <span class='ocr_line' id='line_1_8' title="bbox 254 948 1025 1034; baseline 0.009 -24"><span class='ocrx_word' id='word_1_37' title='bbox 254 951 329 1010; x_wconf 86' lang='lat' dir='ltr'><strong>Nam</strong></span> <span class='ocrx_word' id='word_1_38' title='bbox 344 948 438 1011; x_wconf 86' lang='lat' dir='ltr'><strong>decus</strong></span> <span class='ocrx_word' id='word_1_39' title='bbox 455 957 488 1010; x_wconf 91' lang='lat' dir='ltr'><strong>et</strong></span> <span class='ocrx_word' id='word_1_40' title='bbox 501 968 613 1010; x_wconf 87' lang='lat' dir='ltr'><strong>nomen</strong></span> <span class='ocrx_word' id='word_1_41' title='bbox 627 950 767 1028; x_wconf 79' lang='lat' dir='ltr'><strong>famaque</strong></span> <span class='ocrx_word' id='word_1_42' title='bbox 785 959 888 1011; x_wconf 81' lang='lat' dir='ltr'><strong>vestra</strong></span> <span class='ocrx_word' id='word_1_43' title='bbox 903 972 1025 1034; x_wconf 79' lang='lat' dir='ltr'><strong>sumus,</strong></span> 
     </span>
     <span class='ocr_line' id='line_1_9' title="bbox 189 1032 919 1114; baseline 0.001 -19"><span class='ocrx_word' id='word_1_44' title='bbox 189 1034 278 1095; x_wconf 76' lang='lat' dir='ltr'><strong>chc</strong></span> <span class='ocrx_word' id='word_1_45' title='bbox 293 1054 347 1096; x_wconf 89' lang='lat' dir='ltr'><strong>sus</strong></span> <span class='ocrx_word' id='word_1_46' title='bbox 360 1032 430 1114; x_wconf 88' lang='lat' dir='ltr'><strong>plus</strong></span> <span class='ocrx_word' id='word_1_47' title='bbox 443 1033 538 1094; x_wconf 86' lang='lat' dir='ltr'><strong>debet</strong></span> <span class='ocrx_word' id='word_1_48' title='bbox 552 1035 639 1094; x_wconf 87' lang='lat' dir='ltr'><strong>tenui</strong></span> <span class='ocrx_word' id='word_1_49' title='bbox 654 1033 779 1094; x_wconf 78' lang='lat' dir='ltr'><strong>Verona</strong></span> <span class='ocrx_word' id='word_1_50' title='bbox 797 1034 919 1097; x_wconf 81' lang='lat' dir='ltr'><strong>catullo</strong></span> 
     </span>
     <span class='ocr_line' id='line_1_10' title="bbox 254 1116 977 1196; baseline -0.001 -19"><span class='ocrx_word' id='word_1_51' title='bbox 254 1117 370 1196; x_wconf 81' lang='lat' dir='ltr'>Meque</span> <span class='ocrx_word' id='word_1_52' title='bbox 385 1116 461 1176; x_wconf 87' lang='lat' dir='ltr'><strong>velit</strong></span> <span class='ocrx_word' id='word_1_53' title='bbox 475 1116 536 1177; x_wconf 87' lang='lat' dir='ltr'><strong>diei</strong></span> <span class='ocrx_word' id='word_1_54' title='bbox 551 1137 614 1177; x_wconf 93' lang='lat' dir='ltr'><strong>non</strong></span> <span class='ocrx_word' id='word_1_55' title='bbox 628 1118 727 1178; x_wconf 88' lang='lat' dir='ltr'><strong>minua</strong></span> <span class='ocrx_word' id='word_1_56' title='bbox 741 1117 796 1177; x_wconf 91' lang='lat' dir='ltr'><strong>illa</strong></span> <span class='ocrx_word' id='word_1_57' title='bbox 809 1137 905 1180; x_wconf 87' lang='lat' dir='ltr'><strong>auum.</strong></span> <span class='ocrx_word' id='word_1_58' title='bbox 972 1168 977 1176; x_wconf 90' lang='lat'><em>.</em></span> 
     </span>
     <span class='ocr_line' id='line_1_11' title="bbox 213 1202 969 1282; baseline 0.005 -22"><span class='ocrx_word' id='word_1_59' title='bbox 213 1202 364 1278; x_wconf 82' lang='lat' dir='ltr'><strong>Quattuor</strong></span> <span class='ocrx_word' id='word_1_60' title='bbox 378 1202 509 1261; x_wconf 81' lang='lat' dir='ltr'><strong>accessit</strong></span> <span class='ocrx_word' id='word_1_61' title='bbox 522 1202 677 1261; x_wconf 85' lang='lat' dir='ltr'><strong>tricesima</strong></span> <span class='ocrx_word' id='word_1_62' title='bbox 692 1202 842 1262; x_wconf 73' lang='lat' dir='ltr'><strong>messibus</strong></span> <span class='ocrx_word' id='word_1_63' title='bbox 857 1211 969 1282; x_wconf 85' lang='lat' dir='ltr'><strong>aestas,</strong></span> 
     </span>
     <span class='ocr_line' id='line_1_12' title="bbox 253 1282 877 1346; baseline 0.003 -2"><span class='ocrx_word' id='word_1_64' title='bbox 253 1285 297 1344; x_wconf 91' lang='lat' dir='ltr'><strong>Ut</strong></span> <span class='ocrx_word' id='word_1_65' title='bbox 311 1286 378 1344; x_wconf 87' lang='lat' dir='ltr'><strong>sine</strong></span> <span class='ocrx_word' id='word_1_66' title='bbox 393 1302 442 1343; x_wconf 91' lang='lat' dir='ltr'><strong>me</strong></span> <span class='ocrx_word' id='word_1_67' title='bbox 457 1284 567 1344; x_wconf 81' lang='lat' dir='ltr'><strong>Cereri</strong></span> <span class='ocrx_word' id='word_1_68' title='bbox 582 1285 697 1345; x_wconf 86' lang='lat' dir='ltr'><strong>rustica</strong></span> <span class='ocrx_word' id='word_1_69' title='bbox 709 1282 774 1345; x_wconf 90' lang='lat' dir='ltr'><strong>libs</strong></span> <span class='ocrx_word' id='word_1_70' title='bbox 789 1285 877 1346; x_wconf 85' lang='lat' dir='ltr'><strong>datis.</strong></span> 
     </span>
     <span class='ocr_line' id='line_1_13' title="bbox 212 1366 1101 1452; baseline 0.008 -26"><span class='ocrx_word' id='word_1_71' title='bbox 212 1366 338 1428; x_wconf 86' lang='lat' dir='ltr'><strong>Moenia</strong></span> <span class='ocrx_word' id='word_1_72' title='bbox 354 1367 425 1427; x_wconf 94' lang='lat' dir='ltr'><strong>dum</strong></span> <span class='ocrx_word' id='word_1_73' title='bbox 440 1367 568 1428; x_wconf 84' lang='lat' dir='ltr'><strong>colimus</strong></span> <span class='ocrx_word' id='word_1_74' title='bbox 583 1366 724 1428; x_wconf 88' lang='lat' dir='ltr'><strong>dominae</strong></span> <span class='ocrx_word' id='word_1_75' title='bbox 737 1367 947 1448; x_wconf 87' lang='lat' dir='ltr'><strong>pulcherrima</strong></span> <span class='ocrx_word' id='word_1_76' title='bbox 960 1370 1101 1452; x_wconf 81' lang='lat' dir='ltr'><strong>Romae,</strong></span> 
     </span>
     <span class='ocr_line' id='line_1_14' title="bbox 169 1449 840 1530; baseline -0.003 -16"><span class='ocrx_word' id='word_1_77' title='bbox 169 1462 204 1514; x_wconf 86' lang='lat'><strong>10</strong></span> <span class='ocrx_word' id='word_1_78' title='bbox 252 1451 414 1512; x_wconf 84' lang='lat' dir='ltr'><strong>Mutavere</strong></span> <span class='ocrx_word' id='word_1_79' title='bbox 429 1470 512 1512; x_wconf 90' lang='lat' dir='ltr'><strong>meas</strong></span> <span class='ocrx_word' id='word_1_80' title='bbox 526 1449 603 1511; x_wconf 86' lang='lat' dir='ltr'><strong>itala</strong></span> <span class='ocrx_word' id='word_1_81' title='bbox 618 1471 714 1530; x_wconf 82' lang='lat' dir='ltr'><strong>regua</strong></span> <span class='ocrx_word' id='word_1_82' title='bbox 731 1471 840 1512; x_wconf 85' lang='lat' dir='ltr'><strong>comas.</strong></span> 
     </span>
     <span class='ocr_line' id='line_1_15' title="bbox 215 1534 1012 1616; baseline 0.001 -20"><span class='ocrx_word' id='word_1_83' title='bbox 215 1536 365 1616; x_wconf 81' lang='lat' dir='ltr'><strong>Excipitis</strong></span> <span class='ocrx_word' id='word_1_84' title='bbox 380 1534 501 1615; x_wconf 89' lang='lat' dir='ltr'><strong>placida</strong></span> <span class='ocrx_word' id='word_1_85' title='bbox 512 1534 659 1595; x_wconf 84' lang='lat' dir='ltr'><strong>reducem</strong></span> <span class='ocrx_word' id='word_1_86' title='bbox 673 1537 699 1595; x_wconf 89' lang='lat' dir='ltr'><strong>si</strong></span> <span class='ocrx_word' id='word_1_87' title='bbox 713 1544 833 1612; x_wconf 81' lang='lat' dir='ltr'><strong>mente,</strong></span> <span class='ocrx_word' id='word_1_88' title='bbox 853 1537 1012 1613; x_wconf 85' lang='lat' dir='ltr'><strong>venimus;</strong></span> 
     </span>
     <span class='ocr_line' id='line_1_16' title="bbox 253 1617 889 1698; baseline 0.003 -20"><span class='ocrx_word' id='word_1_89' title='bbox 253 1620 372 1698; x_wconf 85' lang='lat' dir='ltr'><strong>Aspera</strong></span> <span class='ocrx_word' id='word_1_90' title='bbox 389 1620 415 1678; x_wconf 93' lang='lat' dir='ltr'><strong>si</strong></span> <span class='ocrx_word' id='word_1_91' title='bbox 430 1619 538 1698; x_wconf 79' lang='lat' dir='ltr'><strong>geritis</strong></span> <span class='ocrx_word' id='word_1_92' title='bbox 554 1617 664 1697; x_wconf 86' lang='lat' dir='ltr'><strong>corda,</strong></span> <span class='ocrx_word' id='word_1_93' title='bbox 683 1618 789 1679; x_wconf 83' lang='lat' dir='ltr'><strong>redire</strong></span> <span class='ocrx_word' id='word_1_94' title='bbox 805 1619 889 1680; x_wconf 87' lang='lat' dir='ltr'><strong>iicet.</strong></span> 
     </span>
    </p>
   </div>
   <div class='ocr_carea' id='block_1_5' title="bbox 610 1751 689 1815">
    <p class='ocr_par' dir='ltr' id='par_1_5' title="bbox 610 1751 689 1815">
     <span class='ocr_line' id='line_1_17' title="bbox 610 1751 689 1815; baseline 0.063 -5"><span class='ocrx_word' id='word_1_95' title='bbox 610 1751 689 1815; x_wconf 81' lang='lat' dir='ltr'><strong>clv.</strong></span> 
     </span>
    </p>
   </div>
   <div class='ocr_carea' id='block_1_6' title="bbox 58 1863 914 3446">
    <p class='ocr_par' dir='ltr' id='par_1_6' title="bbox 211 1863 769 1945">
     <span class='ocr_line' id='line_1_18' title="bbox 211 1863 769 1945; baseline 0 -19"><span class='ocrx_word' id='word_1_96' title='bbox 211 1864 344 1926; x_wconf 87' lang='lat' dir='ltr'><strong>inostro</strong></span> <span class='ocrx_word' id='word_1_97' title='bbox 360 1886 481 1945; x_wconf 83' lang='lat' dir='ltr'><strong>comes,</strong></span> <span class='ocrx_word' id='word_1_98' title='bbox 501 1869 512 1926; x_wconf 88' lang='lat' dir='ltr'><strong>i</strong></span> <span class='ocrx_word' id='word_1_99' title='bbox 526 1863 652 1943; x_wconf 83' lang='lat' dir='ltr'><strong>libelle,</strong></span> <span class='ocrx_word' id='word_1_100' title='bbox 675 1865 769 1926; x_wconf 82' lang='lat' dir='ltr'><strong>Flavo</strong></span> 
     </span>
    </p>

    <p class='ocr_par' dir='ltr' id='par_1_7' title="bbox 209 1949 887 2030">
     <span class='ocr_line' id='line_1_19' title="bbox 209 1949 887 2030; baseline 0.003 -21"><span class='ocrx_word' id='word_1_101' title='bbox 209 1949 346 2028; x_wconf 84' lang='lat' dir='ltr'><strong>Longum</strong></span> <span class='ocrx_word' id='word_1_102' title='bbox 360 1967 418 2030; x_wconf 84' lang='lat' dir='ltr'><strong>par</strong></span> <span class='ocrx_word' id='word_1_103' title='bbox 432 1969 533 2028; x_wconf 86' lang='lat' dir='ltr'><strong>mare,</strong></span> <span class='ocrx_word' id='word_1_104' title='bbox 555 1949 611 2009; x_wconf 85' lang='lat' dir='ltr'><strong>sed</strong></span> <span class='ocrx_word' id='word_1_105' title='bbox 626 1951 758 2011; x_wconf 81' lang='lat' dir='ltr'><strong>faventia</strong></span> <span class='ocrx_word' id='word_1_106' title='bbox 772 1949 887 2029; x_wconf 84' lang='lat' dir='ltr'><strong>undae,</strong></span> 
     </span>
    </p>

    <p class='ocr_par' dir='ltr' id='par_1_8' title="bbox 209 2033 704 2113">
     <span class='ocr_line' id='line_1_20' title="bbox 209 2033 704 2113; baseline -0.004 -19"><span class='ocrx_word' id='word_1_107' title='bbox 209 2033 250 2094; x_wconf 77' lang='lat' dir='ltr'><strong>lut</strong></span> <span class='ocrx_word' id='word_1_108' title='bbox 265 2053 355 2094; x_wconf 87' lang='lat' dir='ltr'><strong>cursu</strong></span> <span class='ocrx_word' id='word_1_109' title='bbox 369 2033 454 2094; x_wconf 86' lang='lat' dir='ltr'><strong>iacili</strong></span> <span class='ocrx_word' id='word_1_110' title='bbox 467 2036 591 2113; x_wconf 81' lang='lat' dir='ltr'><strong>tuisque</strong></span> <span class='ocrx_word' id='word_1_111' title='bbox 605 2034 704 2093; x_wconf 84' lang='lat' dir='ltr'><strong>ventis</strong></span> 
     </span>
    </p>

    <p class='ocr_par' dir='ltr' id='par_1_9' title="bbox 212 2117 767 2198">
     <span class='ocr_line' id='line_1_21' title="bbox 212 2117 767 2198; baseline 0.002 -23"><span class='ocrx_word' id='word_1_112' title='bbox 212 2117 368 2196; x_wconf 79' lang='lat' dir='ltr'><strong>Hispanae</strong></span> <span class='ocrx_word' id='word_1_113' title='bbox 381 2125 456 2198; x_wconf 87' lang='lat' dir='ltr'><strong>pete</strong></span> <span class='ocrx_word' id='word_1_114' title='bbox 471 2119 657 2178; x_wconf 83' lang='lat' dir='ltr'><strong>Tarraconis</strong></span> <span class='ocrx_word' id='word_1_115' title='bbox 671 2135 767 2177; x_wconf 88' lang='lat' dir='ltr'><strong>arces.</strong></span> 
     </span>
    </p>

    <p class='ocr_par' dir='ltr' id='par_1_10' title="bbox 190 2199 711 2263">
     <span class='ocr_line' id='line_1_22' title="bbox 190 2199 711 2263; baseline -0.008 0"><span class='ocrx_word' id='word_1_116' title='bbox 190 2199 304 2263; x_wconf 80' lang='lat' dir='ltr'><strong>billinc</strong></span> <span class='ocrx_word' id='word_1_117' title='bbox 318 2209 350 2261; x_wconf 86' lang='lat' dir='ltr'><strong>tc</strong></span> <span class='ocrx_word' id='word_1_118' title='bbox 365 2208 434 2262; x_wconf 87' lang='lat' dir='ltr'><strong>rota</strong></span> <span class='ocrx_word' id='word_1_119' title='bbox 446 2199 539 2262; x_wconf 87' lang='lat' dir='ltr'><strong>tollet</strong></span> <span class='ocrx_word' id='word_1_120' title='bbox 552 2206 585 2260; x_wconf 89' lang='lat' dir='ltr'><strong>et</strong></span> <span class='ocrx_word' id='word_1_121' title='bbox 601 2201 711 2261; x_wconf 85' lang='lat' dir='ltr'><strong>citatus</strong></span> 
     </span>
    </p>

    <p class='ocr_par' dir='ltr' id='par_1_11' title="bbox 58 2281 758 2445">
     <span class='ocr_line' id='line_1_23' title="bbox 58 2281 758 2346; baseline -0.003 -2"><span class='ocrx_word' id='word_1_122' title='bbox 58 2281 61 2288; x_wconf 78' lang='grc'><strong>’</strong></span> <span class='ocrx_word' id='word_1_123' title='bbox 210 2282 313 2344; x_wconf 84' lang='lat' dir='ltr'><strong>Altam</strong></span> <span class='ocrx_word' id='word_1_124' title='bbox 327 2283 454 2346; x_wconf 86' lang='lat' dir='ltr'><strong>Bilbilin</strong></span> <span class='ocrx_word' id='word_1_125' title='bbox 469 2292 502 2346; x_wconf 87' lang='lat' dir='ltr'><strong>et</strong></span> <span class='ocrx_word' id='word_1_126' title='bbox 515 2293 600 2344; x_wconf 85' lang='lat' dir='ltr'><strong>tuum</strong></span> <span class='ocrx_word' id='word_1_127' title='bbox 615 2283 758 2344; x_wconf 90' lang='lat' dir='ltr'><strong>Salonem</strong></span> 
     </span>
     <span class='ocr_line' id='line_1_24' title="bbox 210 2366 737 2445; baseline -0.004 -17"><span class='ocrx_word' id='word_1_128' title='bbox 210 2369 325 2445; x_wconf 75' lang='lat' dir='ltr'><strong>Quinto</strong></span> <span class='ocrx_word' id='word_1_129' title='bbox 340 2369 470 2429; x_wconf 79' lang='lat' dir='ltr'><strong>forsitan</strong></span> <span class='ocrx_word' id='word_1_130' title='bbox 484 2366 595 2429; x_wconf 85' lang='lat' dir='ltr'><strong>essedo</strong></span> <span class='ocrx_word' id='word_1_131' title='bbox 609 2367 737 2427; x_wconf 83' lang='lat' dir='ltr'><strong>videbis.</strong></span> 
     </span>
    </p>

    <p class='ocr_par' dir='ltr' id='par_1_12' title="bbox 209 2447 914 2613">
     <span class='ocr_line' id='line_1_25' title="bbox 210 2447 914 2531; baseline -0.001 -20"><span class='ocrx_word' id='word_1_132' title='bbox 210 2451 293 2528; x_wconf 75' lang='lat' dir='ltr'><strong>Quid</strong></span> <span class='ocrx_word' id='word_1_133' title='bbox 307 2451 447 2512; x_wconf 86' lang='lat' dir='ltr'><strong>mandem</strong></span> <span class='ocrx_word' id='word_1_134' title='bbox 463 2454 537 2531; x_wconf 87' lang='lat' dir='ltr'><strong>tibi,</strong></span> <span class='ocrx_word' id='word_1_135' title='bbox 561 2451 705 2531; x_wconf 69' lang='lat' dir='ltr'><strong>quaeris?</strong></span> <span class='ocrx_word' id='word_1_136' title='bbox 736 2451 778 2510; x_wconf 88' lang='lat' dir='ltr'><strong>Ut</strong></span> <span class='ocrx_word' id='word_1_137' title='bbox 792 2447 914 2510; x_wconf 86' lang='lat' dir='ltr'><strong>sodales</strong></span> 
     </span>
     <span class='ocr_line' id='line_1_26' title="bbox 209 2535 829 2613; baseline -0.003 -18"><span class='ocrx_word' id='word_1_138' title='bbox 209 2537 343 2613; x_wconf 85' lang='lat' dir='ltr'><strong>Paucos,</strong></span> <span class='ocrx_word' id='word_1_139' title='bbox 366 2535 422 2596; x_wconf 83' lang='lat' dir='ltr'><strong>scd</strong></span> <span class='ocrx_word' id='word_1_140' title='bbox 436 2543 559 2597; x_wconf 85' lang='lat' dir='ltr'><strong>veteres</strong></span> <span class='ocrx_word' id='word_1_141' title='bbox 577 2543 610 2596; x_wconf 89' lang='lat' dir='ltr'><strong>et</strong></span> <span class='ocrx_word' id='word_1_142' title='bbox 623 2541 694 2594; x_wconf 88' lang='lat' dir='ltr'><strong>ante</strong></span> <span class='ocrx_word' id='word_1_143' title='bbox 707 2535 829 2594; x_wconf 87' lang='lat' dir='ltr'><strong>brumas</strong></span> 
     </span>
    </p>

    <p class='ocr_par' dir='ltr' id='par_1_13' title="bbox 168 2619 884 3034">
     <span class='ocr_line' id='line_1_27' title="bbox 168 2619 756 2699; baseline -0.009 -17"><span class='ocrx_word' id='word_1_144' title='bbox 168 2631 202 2682; x_wconf 91' lang='lat'><strong>10</strong></span> <span class='ocrx_word' id='word_1_145' title='bbox 209 2619 352 2696; x_wconf 79' lang='lat' dir='ltr'><strong>Triginta</strong></span> <span class='ocrx_word' id='word_1_146' title='bbox 365 2620 440 2680; x_wconf 88' lang='lat' dir='ltr'><strong>mihi</strong></span> <span class='ocrx_word' id='word_1_147' title='bbox 458 2626 664 2699; x_wconf 83' lang='lat' dir='ltr'><strong>quattuorque</strong></span> <span class='ocrx_word' id='word_1_148' title='bbox 676 2619 756 2678; x_wconf 82' lang='lat' dir='ltr'><strong>visos</strong></span> 
     </span>
     <span class='ocr_line' id='line_1_28' title="bbox 209 2701 655 2784; baseline -0.002 -22"><span class='ocrx_word' id='word_1_149' title='bbox 209 2703 277 2783; x_wconf 87' lang='lat' dir='ltr'><strong>lpsa</strong></span> <span class='ocrx_word' id='word_1_150' title='bbox 291 2705 431 2784; x_wconf 88' lang='lat' dir='ltr'><strong>protinus</strong></span> <span class='ocrx_word' id='word_1_151' title='bbox 446 2724 464 2763; x_wconf 92' lang='lat' dir='ltr'><strong>a</strong></span> <span class='ocrx_word' id='word_1_152' title='bbox 476 2705 524 2763; x_wconf 82' lang='lat' dir='ltr'><strong>via</strong></span> <span class='ocrx_word' id='word_1_153' title='bbox 539 2701 655 2763; x_wconf 88' lang='lat' dir='ltr'><strong>salutes</strong></span> 
     </span>
     <span class='ocr_line' id='line_1_29' title="bbox 208 2783 884 2862; baseline -0.001 -15"><span class='ocrx_word' id='word_1_154' title='bbox 208 2788 250 2847; x_wconf 82' lang='lat' dir='ltr'><strong>Et</strong></span> <span class='ocrx_word' id='word_1_155' title='bbox 264 2793 402 2847; x_wconf 88' lang='lat' dir='ltr'><strong>nostrum</strong></span> <span class='ocrx_word' id='word_1_156' title='bbox 416 2785 579 2847; x_wconf 79' lang='lat' dir='ltr'><strong>admoneas</strong></span> <span class='ocrx_word' id='word_1_157' title='bbox 594 2784 726 2846; x_wconf 90' lang='lat' dir='ltr'><strong>subinde</strong></span> <span class='ocrx_word' id='word_1_158' title='bbox 741 2783 884 2862; x_wconf 82' lang='lat' dir='ltr'><strong>Flavum,</strong></span> 
     </span>
     <span class='ocr_line' id='line_1_30' title="bbox 208 2867 708 2931; baseline -0.004 -2"><span class='ocrx_word' id='word_1_159' title='bbox 208 2869 358 2931; x_wconf 84' lang='lat' dir='ltr'><strong>Iucundos</strong></span> <span class='ocrx_word' id='word_1_160' title='bbox 372 2872 446 2931; x_wconf 90' lang='lat' dir='ltr'><strong>mihi</strong></span> <span class='ocrx_word' id='word_1_161' title='bbox 462 2889 520 2931; x_wconf 86' lang='lat' dir='ltr'><strong>uec</strong></span> <span class='ocrx_word' id='word_1_162' title='bbox 535 2867 708 2930; x_wconf 88' lang='lat' dir='ltr'><strong>laboriosos</strong></span> 
     </span>
     <span class='ocr_line' id='line_1_31' title="bbox 210 2951 725 3034; baseline -0.004 -21"><span class='ocrx_word' id='word_1_163' title='bbox 210 2953 356 3014; x_wconf 82' lang='lat' dir='ltr'><strong>Secessus</strong></span> <span class='ocrx_word' id='word_1_164' title='bbox 370 2957 473 3034; x_wconf 87' lang='lat' dir='ltr'><strong>pretio</strong></span> <span class='ocrx_word' id='word_1_165' title='bbox 488 2959 578 3034; x_wconf 84' lang='lat' dir='ltr'><strong>paret</strong></span> <span class='ocrx_word' id='word_1_166' title='bbox 593 2951 725 3029; x_wconf 86' lang='lat' dir='ltr'><strong>salubri,</strong></span> 
     </span>
    </p>

    <p class='ocr_par' dir='ltr' id='par_1_14' title="bbox 168 3038 888 3362">
     <span class='ocr_line' id='line_1_32' title="bbox 168 3038 816 3117; baseline -0.009 -17"><span class='ocrx_word' id='word_1_167' title='bbox 168 3049 200 3100; x_wconf 80' lang='lat'><strong>15</strong></span> <span class='ocrx_word' id='word_1_168' title='bbox 210 3038 268 3114; x_wconf 83' lang='lat' dir='ltr'><strong>Qui</strong></span> <span class='ocrx_word' id='word_1_169' title='bbox 282 3038 403 3117; x_wconf 79' lang='lat' dir='ltr'><strong>pigrum</strong></span> <span class='ocrx_word' id='word_1_170' title='bbox 416 3038 532 3098; x_wconf 86' lang='lat' dir='ltr'><strong>iaciant</strong></span> <span class='ocrx_word' id='word_1_171' title='bbox 546 3042 630 3097; x_wconf 90' lang='lat' dir='ltr'><strong>tuum</strong></span> <span class='ocrx_word' id='word_1_172' title='bbox 644 3043 816 3116; x_wconf 86' lang='lat' dir='ltr'><strong>parentem.</strong></span> 
     </span>
     <span class='ocr_line' id='line_1_33' title="bbox 208 3119 888 3202; baseline 0 -23"><span class='ocrx_word' id='word_1_173' title='bbox 208 3121 294 3179; x_wconf 88' lang='lat' dir='ltr'><strong>Haec</strong></span> <span class='ocrx_word' id='word_1_174' title='bbox 310 3127 390 3179; x_wconf 93' lang='lat' dir='ltr'><strong>suut.</strong></span> <span class='ocrx_word' id='word_1_175' title='bbox 417 3121 478 3180; x_wconf 88' lang='lat' dir='ltr'><strong>lam</strong></span> <span class='ocrx_word' id='word_1_176' title='bbox 492 3119 627 3202; x_wconf 75' lang='lat' dir='ltr'><strong>tumidus</strong></span> <span class='ocrx_word' id='word_1_177' title='bbox 640 3125 728 3179; x_wconf 86' lang='lat' dir='ltr'><strong>vocat</strong></span> <span class='ocrx_word' id='word_1_178' title='bbox 742 3120 888 3196; x_wconf 80' lang='lat' dir='ltr'><strong>magister</strong></span> 
     </span>
     <span class='ocr_line' id='line_1_34' title="bbox 209 3202 813 3281; baseline -0.007 -18"><span class='ocrx_word' id='word_1_179' title='bbox 209 3202 406 3281; x_wconf 82' lang='lat' dir='ltr'><strong>Castigatque</strong></span> <span class='ocrx_word' id='word_1_180' title='bbox 422 3222 537 3280; x_wconf 87' lang='lat' dir='ltr'><strong>moras,</strong></span> <span class='ocrx_word' id='word_1_181' title='bbox 559 3210 593 3262; x_wconf 91' lang='lat' dir='ltr'><strong>et</strong></span> <span class='ocrx_word' id='word_1_182' title='bbox 607 3222 679 3261; x_wconf 89' lang='lat' dir='ltr'><strong>aura</strong></span> <span class='ocrx_word' id='word_1_183' title='bbox 690 3209 813 3281; x_wconf 88' lang='lat' dir='ltr'><strong>portum</strong></span> 
     </span>
     <span class='ocr_line' id='line_1_35' title="bbox 208 3282 725 3362; baseline 0.002 -20"><span class='ocrx_word' id='word_1_184' title='bbox 208 3285 332 3343; x_wconf 79' lang='lat' dir='ltr'><strong>Laxavit</strong></span> <span class='ocrx_word' id='word_1_185' title='bbox 345 3283 474 3359; x_wconf 88' lang='lat' dir='ltr'><strong>mellor;</strong></span> <span class='ocrx_word' id='word_1_186' title='bbox 494 3283 579 3362; x_wconf 82' lang='lat' dir='ltr'><strong>vale,</strong></span> <span class='ocrx_word' id='word_1_187' title='bbox 601 3282 725 3345; x_wconf 85' lang='lat' dir='ltr'><strong>libelle:</strong></span> 
     </span>
    </p>

    <p class='ocr_par' dir='ltr' id='par_1_15' title="bbox 207 3364 864 3446">
     <span class='ocr_line' id='line_1_36' title="bbox 207 3364 864 3446; baseline 0.008 -23"><span class='ocrx_word' id='word_1_188' title='bbox 207 3364 337 3443; x_wconf 77' lang='lat' dir='ltr'><strong>Navem,</strong></span> <span class='ocrx_word' id='word_1_189' title='bbox 358 3368 417 3426; x_wconf 83' lang='lat' dir='ltr'><strong>acis</strong></span> <span class='ocrx_word' id='word_1_190' title='bbox 435 3374 526 3446; x_wconf 82' lang='lat' dir='ltr'><strong>puto,</strong></span> <span class='ocrx_word' id='word_1_191' title='bbox 548 3385 611 3426; x_wconf 89' lang='lat' dir='ltr'><strong>non</strong></span> <span class='ocrx_word' id='word_1_192' title='bbox 626 3373 764 3427; x_wconf 86' lang='lat' dir='ltr'><strong>moratur</strong></span> <span class='ocrx_word' id='word_1_193' title='bbox 777 3385 864 3428; x_wconf 87' lang='lat' dir='ltr'><strong>uuus.</strong></span> 
     </span>
    </p>
   </div>
   <div class='ocr_carea' id='block_1_7' title="bbox 0 0 1234 3878">
    <p class='ocr_par' dir='ltr' id='par_1_16' title="bbox 0 0 1234 3878">
     <span class='ocr_line' id='line_1_37' title="bbox 0 0 1234 3878; baseline 0 0"><span class='ocrx_word' id='word_1_194' title='bbox 0 0 1234 3878; x_wconf 95' lang='lat' dir='ltr'><strong> </strong></span> 
     </span>
    </p>
   </div>
  </div>
 </body>
</html>
