2426 3900
324 202 665 280 EPIGRAMMA'I'ON
680 204 754 264 LIB.
770 205 817 267 III
1049 207 1091 268 65
1195 153 1196 158 η

522 401 616 466 XXII.

130 518 287 597 Dedecus,
307 518 415 598 Apici,
430 517 477 577 bis
493 518 687 578 trecentiens
706 521 823 597 ventu,

128 606 171 665 Et
186 601 285 662 adhuc
303 607 468 683 supererat
482 602 623 661 centiens
637 603 696 662 tibi
709 601 821 664 laxum.

128 689 199 748 Hoc
216 693 251 747 tu
264 691 406 765 gravatus
421 692 456 746 ut
470 685 583 745 famem
598 692 631 746 et
645 686 728 746 ιίῑίιιι
742 687 830 748 ferre

130 773 254 832 Summa
269 788 419 832 venenum
433 770 562 849 potione
576 769 731 849 parduxfi.

106 853 184 919 sNi]
199 862 264 932 cst,
285 855 394 934 Apici,
415 855 473 913 tihi
489 851 625 931 gulosius
640 854 765 914 factum.

518 986 626 1047 XXIII.

130 1101 242 1162 Omnia
257 1119 324 1160 cum
340 1104 427 1159 retro
442 1101 549 1180 pucrls
565 1101 693 1178 'opsonia
707 1099 827 1180 tradas,

172 1184 236 1245 Cur
249 1202 312 1244 nun
326 1201 433 1242 mansa
446 1184 504 1243 tibi
519 1185 646 1262 ponitur
661 1204 678 1243 a
691 1184 847 1265 pedibus?

390 1337 393 1344 ·
513 1316 622 1380 XXIV.

128 1431 203 1493 Vite
217 1446 334 1488 nocens
350 1446 421 1487 rosa
434 1429 534 1488 stabat
548 1429 715 1488 moriturus
732 1427 769 1488 ad
785 1450 852 1490 aras

172 1514 306 1590 Iliacus,
328 1511 469 1589 Bacche,
492 1513 554 1572 tuis
568 1512 691 1572 vIctima
704 1519 792 1591 grata
804 1514 893 1577 focis.

128 1600 229 1675 Quem
245 1596 515 1680 Tuscusmactarc
532 1595 591 1655 dcc
607 1616 673 1655 cum
690 1595 787 1656 vellet
802 1599 975 1680 haruspex,

169 1683 299 1741 Diuerat
313 1680 428 1759 agresti
443 1679 526 1740 forte
542 1679 675 1759 rudique
688 1681 769 1757 viro,

104 1767 174 1829 5Ut
189 1765 251 1824 cito
266 1762 429 1825 testiculos
444 1769 477 1823 ct
492 1768 579 1824 acuta
593 1763 675 1824 falce
691 1772 829 1844 secaret,

171 1849 271 1908 'l'cter
286 1854 320 1908 ut
333 1846 508 1908 Immundac
522 1849 624 1908 caruis
640 1850 739 1909 abiret
754 1847 841 1912 udor.

128 1934 199 2013 Ipse
214 1950 308 2012 super
323 1931 439 1992 viridas
454 1952 522 1991 aras
536 1930 687 1992 luctantia
703 1950 820 2011 pronus
922 1930 924 1938 ’

169 2017 249 2076 Dum
267 2023 390 2076 resecat
404 2013 505 2075 cultro
522 2014 602 2075 colla
617 2018 793 2096 premltquc
809 2038 916 2096 mauu,

127 2101 240 2179 Ingens
254 2101 342 2160 iratis
358 2101 499 2179 apparuit
513 2100 623 2160 hernia
638 2101 742 2161 sacris.

86 2196 121 2249 10
169 2185 308 2263 Occupat
324 2184 402 2242 hauc
419 2184 506 2244 ferro
522 2185 655 2243 rusticus
668 2191 761 2262 atque
776 2189 877 2262 secat,

128 2269 198 2328 Hoc
212 2275 298 2327 ratus
313 2270 456 2347 antiquos
472 2286 629 2326 sacrorum
644 2285 776 2346 poscere
791 2268 869 2326 ritus

172 2352 301 2412 Talibus
317 2357 350 2411 et
363 2353 451 2411 fibris
468 2352 594 2410 numina
606 2352 709 2430 prisca
725 2349 795 2410 ccli.

128 2436 180 2496 Sic
195 2433 287 2495 modo
302 2437 356 2515 qui
371 2436 491 2495 Tuscus
505 2435 628 2511 fueras,
651 2453 732 2493 nunc
748 2431 856 2496 Gallus
869 2435 1039 2516 haruspex,

170 2519 248 2579 Dum
264 2519 383 2598 iugulas
398 2520 533 2597 hircum,
553 2519 653 2578 factus
669 2535 702 2577 ea
717 2519 785 2599 ipse
802 2538 904 2600 cuper.

513 2667 609 2728 XXV.

129 2783 163 2844 Si
178 2783 348 2862 temperari
364 2777 508 2840 balncum
523 2781 610 2860 cupis
623 2780 765 2859 fervens,

126 2866 294 2943 Faustinae,
317 2863 462 2945 quodvis
476 2862 611 2924 Iulianus
623 2865 773 2942 iuuaret,

125 2950 229 3031 Roga,
249 2947 389 3026 lavetur,
412 2950 572 3008 rhetorem
588 2947 780 3008 Sabiuaeum.
877 2965 880 2971 ¹
921 2969 927 2979 ⁴

124 3033 318 3096 Neronianas
333 3034 385 3092 hic
399 3033 567 3111 refugerat
581 3031 729 3094 thermas.

513 3166 622 3227 XXVI.
647 3191 653 3198 ·

124 3280 260 3343 Praedia
274 3283 358 3344 solus
373 3284 470 3342 habas
486 3289 519 3343 et
533 3280 633 3359 solus,
657 3278 814 3358 Candida,
834 3299 989 3359 nummos,

168 3366 274 3427 Aurea
287 3366 373 3428 solus
387 3368 500 3445 habes,
522 3367 660 3426 murrIna
674 3364 757 3424 solus
772 3364 883 3442 habes,

86 3449 263 3592 MMassica
277 3450 362 3512 solus
377 3452 473 3510 habes
488 3457 521 3510 et
535 3449 638 3530 Opimi
653 3448 795 3507 Caecuba
809 3446 908 3588 sclu5s,
936 3454 938 3464 ’

123 3553 198 3596 aas.
