2392 3888
277 731 281 742 “
384 741 873 824 'oi.VAL.riART1Aiis

339 915 958 1068 orioorocrroo

539 1097 765 1162 trouuvl.

637 1286 650 1344 i

219 1402 330 1464 Sextus
343 1401 477 1484 mittitur
489 1399 541 1459 lsic
558 1401 615 1460 tibi
628 1397 770 1478 libellus,

218 1488 252 1549 lu
266 1487 374 1567 primis
388 1485 464 1545 milri
479 1501 551 1543 cure
568 1481 737 1544 Martialis:

219 1571 357 1649 Quem‘si
371 1569 501 1630 terseris
516 1586 589 1627 sure
605 1563 764 1646 diligenti,

219 1653 355 1715 Audebit
368 1653 467 1713 minus
482 1653 586 1711 auxius
601 1659 800 1730 tremensque

218 1739 346 1817 Mogros
361 1736 502 1796 (laeseris
516 1736 548 1794 in
563 1753 669 1794 monus
682 1736 798 1796 venire.

639 1867 674 1928 il.

219 1983 318 2042 Lusus
334 1989 402 2043 erut
416 2001 520 2042 sacrae
538 1982 669 2042 conubis
681 1981 791 2043 follere
807 1981 915 2062 tedae,

261 2065 359 2126 Lusus
374 2073 407 2125 et
421 2067 591 2126 immeritos
609 2067 767 2126 execuisse
781 2083 890 2128 mures.

217 2149 356 2228 Utroque
371 2155 406 2210 tu
418 2149 582 2230 prohibes,
604 2149 735 2228 (laesor,
754 2147 940 2231 populisque
953 2151 1068 2212 futuris
1185 2165 1186 2182 ¹

261 2233 438 2312 Succurris,
460 2234 544 2293 nosci
559 2231 640 2312 quod
656 2234 723 2294 sine
737 2233 846 2294 froude
860 2235 957 2296 iubes.

196 2316 285 2382 5Nec
296 2317 391 2398 spsdo
399 2320 469 2396 ism,
480 2334 538 2376 nec
550 2317 695 2376 moechus
707 2319 778 2395 erit,
791 2323 823 2377 te
829 2317 984 2397 praeside,
997 2319 1158 2399 quisquam:

261 2403 303 2461 At
316 2404 419 2482 prius,
441 2421 459 2461 o
475 2401 593 2460 mores!
616 2407 648 2460 et
663 2398 758 2480 spado
773 2402 918 2463 moechus
934 2409 1010 2466 eret.

628 2535 676 2596 ΙΙΙ.

218 2647 353 2707 Nascere
370 2644 523 2707 Dardanio
537 2650 719 2727 promissum
736 2665 848 2708 nomen
863 2645 946 2726 iulo,

259 2731 343 2793 Vero
358 2727 448 2791 decim
464 2731 605 2792 suboles:
626 2751 770 2810 noscere,
792 2749 900 2812 mogue
914 2749 1007 2812 puer;

219 2816 276 2876 (lui
290 2821 380 2894 poter
395 2821 536 2875 aeternos
551 2823 622 2895 post
637 2813 759 2876 soeculo
773 2814 875 2876 trudet
887 2816 1040 2891 hubertus,

262 2899 382 2977 Quique
396 2915 486 2977 regas
501 2900 606 2959 orbem
622 2919 689 2960 cum
702 2901 825 2960 seniore
841 2917 943 2960 senex.

197 2982 289 3063 olpsc
302 2982 360 3041 tibi
374 2983 463 3042 niveo
479 2983 584 3043 trahet
599 3002 691 3043 aureo
707 2981 822 3063 pollice
836 2980 890 3043 illa

260 3065 302 3124 Et
315 3070 411 3124 totum
425 3065 532 3126 Phrixi
545 3066 621 3126 lulis
635 3068 723 3127 nebit
738 3086 835 3130 ovem.

628 3201 680 3263 iv.

196 3337 200 3345 ¹
219 3307 339 3368 Censor
353 3311 482 3369 maxime
496 3313 732 3391 principumque
747 3311 910 3392 prinecps,

221 3390 296 3449 Cum
312 3396 360 3451 tot
373 3392 433 3451 iam
448 3392 506 3452 tibi
522 3392 636 3453 debeat
649 3395 837 3474 triumphos,

218 3471 283 3530 Tot
295 3475 453 3532 noscentis
466 3473 599 3556 temple,
620 3482 667 3535 tot
681 3484 801 3562 renutu,
