2426 3900
112 213 155 278 lo
442 208 868 290 monendomum

197 366 322 427 Mecum
337 366 399 425 eris
416 383 490 442 ergo
505 364 614 423 miser:
638 360 762 442 quodsi
776 359 852 421 deus
866 380 921 421 ore
936 381 1057 428 sereno

240 449 411 526 Annuerit,
432 447 523 524 felix,
547 445 702 523 Candide,
725 443 808 506 aolus
823 446 896 508 eris.

583 577 679 640 XXV.

199 694 260 754 llas
277 712 447 773 nunquam,
467 710 592 773 semper
602 691 776 771 promittis,
799 687 906 768 Gallo,
928 695 1065 770 roganti.

241 777 274 836 Si
289 795 411 857 semper
425 775 525 854 fallis,
546 778 605 836 iam
624 793 717 853 rogo,
739 771 846 853 Galla,
868 793 956 854 nega.

574 905 684 970 XXVI.

197 1021 287 1100 Quod
306 1019 465 1102 querulum
485 1021 599 1100 spirat,
622 1017 704 1098 quod
722 1018 866 1078 acerbum
880 1019 995 1080 Naevio
1009 1022 1122 1099 tussit,

238 1105 334 1186 Inque
349 1111 419 1165 tuos
434 1105 529 1165 mittit
544 1107 633 1181 sputa
647 1099 777 1161 subinde
794 1103 895 1180 sinus,

196 1190 258 1248 lam
271 1195 304 1249 te
320 1207 387 1248 rem
400 1188 527 1264 factam,
550 1186 730 1264 Bithynice,
752 1183 854 1245 credis
871 1187 1012 1247 habere?

237 1272 347 1333 Erras:
368 1267 527 1331 blanditur
541 1269 668 1346 Naevia,
689 1288 752 1327 non
765 1271 904 1332 moritur.

574 1401 696 1465 XXVll.

196 1516 387 1580 Laudantem
402 1516 517 1595 Selium
533 1535 628 1577 cenae
643 1537 710 1577 cum
726 1517 808 1576 retia
824 1516 926 1577 tendit

238 1603 371 1682 Accipe,
393 1603 457 1661 sive
471 1599 575 1679 legas,
595 1602 658 1660 sive
672 1595 819 1679 patronus
837 1619 922 1679 agar:

196 1685 353 1763 „Etleotel
375 1685 524 1762 graviter!
546 1684 590 1743 sti
610 1685 771 1763 nequiter!
793 1685 886 1762 euge!
910 1684 1019 1744 beate!

236 1768 305 1828 Hoc
320 1766 438 1827 volui!“
466 1767 561 1827 Facta
578 1769 700 1827 estium
714 1768 772 1826 tibi
788 1785 879 1846 cena,
897 1774 975 1828 tace.

560 1899 697 1962 XXVlll.

194 2011 308 2072 Rideto
326 2010 453 2072 multum
471 2013 523 2092 qui
540 2019 588 2090 te,
611 2009 758 2090 Sextille,
782 2010 942 2072 cinaedum

237 2096 358 2156 Dixerit
373 2102 406 2155 et
418 2095 548 2175 digitum
562 2097 714 2176 porrigito
730 2093 874 2158 medium.

196 2178 259 2240 Sed
273 2199 332 2240 nec
345 2178 476 2260 paedico
492 2198 525 2239 es
543 2198 602 2239 neo
616 2186 666 2255 tu,
686 2177 835 2256 Sextille,
857 2179 995 2258 fututor,

237 2262 334 2325 Galda
349 2265 532 2326 Vetustinae
548 2282 607 2324 nec
622 2264 684 2323 tibi
694 2264 789 2322 bucca
803 2261 916 2343 placet.

174 2348 243 2410 §Ex
256 2351 325 2408 istis
338 2346 418 2411 nihil
433 2366 467 2407 es
481 2349 600 2425 fateor,
622 2344 770 2406 Sextille:
794 2346 869 2425 quid
882 2365 956 2424 ergo
972 2347 1032 2407 esi

236 2431 365 2508 Nescio,
387 2430 443 2490 sed
457 2437 492 2490 tu
506 2432 566 2489 sois
583 2448 635 2489 res
649 2448 813 2509 superesse
828 2428 911 2490 duas.

574 2575 682 2638 XXIX.

193 2690 291 2768 Rufe,
313 2690 399 2750 video
414 2689 502 2752 illum
517 2690 667 2754 subsellia
679 2696 778 2775 prima
792 2699 964 2772 terentem,

194 2829 202 2842 ‚
237 2773 331 2835 Cuius
347 2781 380 2835 et
395 2777 467 2836 hinc
482 2773 568 2837 lucet
583 2776 807 2857 sardonychata
821 2797 927 2837 manus

196 2858 343 2937 Quaeque
359 2859 466 2939 Tyron
482 2863 598 2921 totiens
615 2870 780 2942 epotavere
794 2860 940 2920 lacernae

235 2942 277 3001 m
291 2949 362 3022 toga
375 2963 437 3002 non
452 2950 548 3004 tactas
563 2947 689 3006 vincere
704 2947 785 3005 iussa
798 2945 902 3022 nives,

172 3025 291 3086 50uius
308 3023 374 3086 olet
389 3033 455 3087 toto
470 3029 593 3107 pinguis
609 3049 694 3088 como
709 3026 914 3089 Marcelliano

234 3109 277 3170 Et
290 3107 458 3189 splendent
472 3110 557 3172 volso
572 3114 698 3172 brachia
712 3115 786 3171 trita
801 3109 883 3190 pilo;

193 3193 262 3254 Non
276 3195 424 3254 hesterna
439 3193 528 3254 sedet
542 3195 647 3255 lunata
660 3195 776 3274 lingula
789 3193 911 3274 planta,

237 3277 370 3337 Coccina
384 3297 447 3338 non
460 3276 577 3337 laesum
613 3280 691 3356 ingit
706 3279 787 3338 aluta
801 3278 928 3358 pedem,

194 3358 236 3418 Et
250 3378 413 3421 numerosa
426 3358 529 3420 linunt
544 3299 721 3421 stellantem
737 3359 856 3441 splenia
870 3362 1016 3422 frontem.

173 3450 187 3472 ⁸
235 3443 360 3522 Ignoras
376 3443 450 3522 qnid
466 3444 528 3505 sit?
548 3443 666 3523 splenia
681 3444 774 3522 tolle,
793 3443 891 3524 leges.
