2392 3888
433 128 477 188 Μ.
493 126 586 189 VAL.
603 125 830 186 MAR'I'IALIS

577 327 671 389 XVII.

188 440 324 500 Latonae
338 437 516 498 venerande
527 455 642 517 nepos,
664 439 716 516 qui
731 438 856 498 mitibus
870 439 979 498 herbis

205 525 211 536 ”
230 522 395 582 Parcarum
410 539 517 582 exoras
532 540 629 601 pensa
644 523 818 600 brevesque
833 520 934 597 culos,

189 607 256 666 Ilus
271 607 330 665 tibi
346 603 486 664 laudatos
501 604 642 681 domiuo,
664 611 732 664 rata
745 611 830 682 veta,
853 603 982 686 capillus

230 687 287 749 Ille
301 695 371 748 tuus
386 688 473 748 Latia
488 689 571 747 misit
589 689 626 747 ab
640 690 719 748 urbe
733 706 829 767 pucr;

166 771 319 834 btldditlit
334 777 366 831 et
380 770 510 831 nitidum
525 771 652 830 sacratis
668 772 803 830 crinibus
819 773 939 846 arbem,

232 858 299 933 Quo
315 853 391 914 felix
405 855 501 915 facies
515 853 618 914 iudice
634 860 700 914 tuta
716 853 786 913 fuit.

190 940 240 1000 'Pu
254 937 394 999 iuvenale
409 937 504 998 decus
523 956 628 1014 serva,
649 955 689 996 ne
703 936 865 1017 pulchrior
879 937 932 998 ille

230 1024 265 1084 In
277 1022 371 1100 lunga
383 1022 482 1081 fucrit
499 1041 588 1100 quam
603 1022 746 1081 breviore
764 1039 858 1084 coma.

570 1183 677 1245 XVIII.

187 1295 246 1364 Est
260 1295 334 1356 milri
349 1295 450 1373 sitque
465 1313 578 1374 precor
593 1294 719 1373 longum
733 1300 766 1354 tc
781 1292 942 1374 praeside,
964 1293 1096 1370 Caesar,

232 1379 295 1438 Rus
311 1379 483 1456 minimum,
504 1380 591 1459 parvi
605 1384 723 1438 suntet
738 1379 770 1436 iu
784 1380 863 1438 urbe
876 1377 967 1438 lares.

189 1461 253 1522 Sed
267 1461 307 1522 de
322 1459 403 1522 valle
418 1463 519 1540 brevi,
543 1481 617 1541 quas
633 1460 687 1521 det
701 1463 877 1523 sitientibus
891 1461 1008 1536 hortis,

234 1548 329 1606 Curta
343 1544 497 1606 laboratas
513 1545 607 1606 antlia
620 1543 705 1605 tollit
721 1565 828 1623 aquas:

168 1628 281 1690 asiaca
297 1629 403 1689 domus
419 1631 559 1708 queritur
574 1627 661 1688 nullo
676 1647 710 1688 se
725 1647 798 1688 rore
813 1629 929 1704 faveri,

233 1714 308 1773 Cum
324 1714 399 1771 mihi
413 1715 513 1773 vicino
527 1713 646 1774 Marcia
659 1713 745 1772 fonte
760 1719 859 1774 sanet.

108 1864 112 1872 ‚
189 1797 284 1872 Quam
299 1794 425 1856 dederIs
441 1798 572 1872 uostris,
595 1798 748 1874 Auguste,
769 1797 932 1875 penatibus
946 1793 1078 1870 undam,

232 1879 362 1941 Castalia
377 1881 454 1940 haec
468 1881 557 1942 nobis
573 1886 624 1939 aut
638 1881 715 1940 Iovia
731 1881 831 1939 Imber
844 1881 914 1939 crit.

541 2033 544 2040 '
589 2054 669 2116 xix.

188 2164 308 2226 Laudas
323 2165 434 2227 balnea
446 2167 586 2227 versibus
601 2168 751 2226 trecentis

189 2250 338 2310 Cenantis
352 2253 433 2310 bene
447 2251 584 2328 Pontici,
607 2248 741 2310 Sabella.
834 2325 839 2334 Ι

187 2332 244 2395 Vis
261 2351 388 2412 cenare,
410 2333 551 2412 Sabelle,
573 2353 635 2393 non
648 2331 752 2395 lavari.

590 2494 657 2556 XX,

186 2602 290 2678 Haec,
305 2619 383 2679 qnae
398 2609 463 2663 tota
476 2609 563 2683 patet
576 2606 754 2683 tegIturque
770 2609 803 2663 ct
817 2622 969 2663 marmore
984 2611 1019 2664 et
1035 2624 1127 2681 auru,

230 2685 359 2745 Infantis
374 2684 490 2747 domini
506 2688 627 2747 conscia
642 2693 728 2747 terra
741 2687 809 2747 fuit.

186 2769 276 2830 Felix
292 2788 309 2829 o
326 2771 447 2848 quantis
461 2772 565 2830 sonuit
577 2771 728 2848 vagitibus
743 2778 776 2830 et
792 2789 867 2848 quas

124 2891 130 2904 ·
225 2851 317 2913 -Virlit
332 2860 491 2933 reptantes
508 2855 715 2933 sustInuitque
730 2854 851 2914 manus!

165 2937 249 2998 5IIic
264 2941 396 2996 steterat
409 2936 585 2998 veneranda
599 2936 726 3015 domus,
746 2955 824 3016 quae
840 2937 999 3016 praestitit
1015 2938 1090 2998 orbi

229 3017 319 3094 Quod
334 3019 460 3080 Rhodos
476 3021 638 3098 astrifero,
662 3019 744 3098 quad
758 3022 809 3100 pia
822 3020 915 3081 Creta
928 3018 1012 3100 pale.

186 3104 317 3162 Curetes
333 3107 442 3162 texere
455 3105 555 3164 Iovem
570 3105 793 3184 crepitantibus
808 3105 915 3181 armis,

207 3193 209 3195 ’
228 3185 370 3245 Semtviri
383 3193 531 3264 poterant
543 3186 645 3265 qualia
660 3188 746 3248 ferre
758 3188 914 3266 Phryges:

186 3267 228 3324 At
242 3273 274 3324 te
288 3269 425 3345 protexit
440 3267 584 3347 superrim
602 3276 692 3350 pater
706 3277 739 3330 et
753 3272 827 3348 tibi,
848 3271 979 3346 (issaar,

148 3355 179 3408 10
225 3347 287 3406 Pru
303 3351 402 3409 iaculo
418 3357 451 3409 et
466 3370 570 3429 parma
586 3351 703 3412 fulmen
720 3360 752 3414 st
767 3355 852 3432 aegis
867 3341 952 3432 e'ratk
