2460 3878
81 189 83 195 '
160 189 223 252 230
460 211 464 218 ·
481 191 526 253 M.
541 191 634 251 VAL.
651 190 876 252 MARTlALlS

244 343 409 420 Strataque
426 362 488 401 non
505 360 580 402 unas
597 343 721 420 cingant
738 343 874 406 triclinia
891 345 979 404 Baias

285 427 326 487 lit
341 426 453 486 'Piretis
469 433 625 504 unguento
642 424 758 505 palleat
776 433 870 487 uncta
885 434 971 505 tuo,

222 508 384 570 scandida
400 510 501 569 Setini
519 517 661 590 rumpant
680 509 827 589 crystalla
843 513 993 590 trientes,

285 594 424 653 Dormiat
439 593 471 653 in
490 590 593 671 pluma
609 611 668 652 uec
681 592 811 654 meliore
825 587 946 656 Venus:
991 591 993 600 ²

244 676 294 738 Ad
307 685 459 738 nocturno
474 677 557 736 iaces
574 676 707 736 fastosae
725 675 831 738 limina
847 680 995 739 moechae

283 763 326 821 Et
341 760 446 822 madet
462 759 540 819 heu!
560 759 695 820 lacrimis
713 762 802 821 ianua
818 761 912 821 surda
928 763 1006 840 tuis,

242 847 345 908 Urere
360 864 421 906 nec
437 844 584 904 miserum
600 851 722 905 cessant
739 847 870 926 suspiria
886 853 1005 924 pectus.

201 940 235 994 1o
285 930 339 991 Vis
359 928 473 1005 dicam,
495 925 575 987 male
593 929 634 986 sit
654 947 708 987 cur
725 929 798 1006 tibi,
819 929 935 989 Getta?
955 932 1033 991 bene
1046 937 1095 993 est.

641 1063 722 1125 xlv.

244 1178 368 1242 (ledere
386 1178 425 1239 de
441 1182 556 1240 nostris
572 1177 652 1240 nulli
671 1185 703 1238 te
720 1178 798 1239 diois
813 1181 927 1241 amicis.

285 1261 365 1341 Sed,
392 1264 433 1323 rit
449 1270 484 1323 ut
500 1265 560 1324 hoc
577 1282 699 1340 verum,
723 1263 813 1341 quid,
834 1281 928 1342 rogo,
950 1265 1072 1344 Crispe,
1090 1261 1159 1323 facist

241 1348 351 1409 Mutua
368 1366 436 1406 cum
455 1353 596 1426 peterem
608 1348 754 1408 sestertia
770 1349 922 1427 quinque,
944 1349 1074 1426 negasti,

282 1432 351 1491 Non
369 1437 496 1510 cuperet
515 1451 654 1492 nummos
671 1450 738 1491 cum
757 1431 855 1508 gravis
872 1451 944 1490 arca
961 1437 1038 1492 oros.

219 1513 373 1592 §Quando
388 1514 479 1575 fabae
496 1514 631 1576 modium
644 1516 733 1575 nobis
750 1514 881 1574 farrisve
900 1513 1031 1591 dedisti,

284 1601 360 1659 cum
378 1606 431 1659 tue
446 1598 583 1659 Niliacus
602 1619 674 1659 rura
691 1597 817 1658 colonus
835 1599 925 1658 uret?

241 1680 368 1764 Qirando
386 1683 489 1743 brevis
508 1682 630 1761 gelidae
643 1684 734 1743 missa
751 1687 800 1741 est
810 1690 880 1759 toga
893 1688 1035 1762 tempore
1048 1679 1164 1742 brumae!

281 1767 413 1843 Argenti
430 1768 515 1826 venit
533 1766 654 1844 quando
674 1765 791 1826 selibra
807 1766 905 1824 mihil

239 1847 292 1910 Nil
309 1848 392 1910 aliud
405 1849 513 1927 rideo,
536 1871 596 1931 quo
613 1857 646 1911 te
664 1848 824 1910 credamus
836 1851 980 1927 amicum,

77 1975 79 1990 .
198 1943 234 1995 1o
282 1935 378 2010 Quam
394 1933 477 2014 quod
495 1953 545 1994 me
562 1955 664 1994 coram
680 1934 817 2013 pedere,
835 1933 963 2014 Crispe,
985 1944 1079 1994 soles.

646 2076 714 2140 XV.

239 2192 368 2253 Dotatae
386 2193 474 2252 uxori
491 2211 545 2252 cor
563 2189 713 2252 arundine
732 2191 799 2250 lixit
815 2197 918 2266 acum,

281 2273 345 2337 Sed
363 2275 434 2337 dum
450 2273 531 2336 lndtt
547 2277 648 2355 Aper:
658 2271 781 2334 vludere
802 2275 887 2334 novit
903 2275 998 2354 Aper.

637 2406 718 2471 XVI.

239 2520 273 2580 Si
289 2518 405 2580 donare
423 2540 513 2581 vocas
528 2521 713 2601 promittere
730 2539 788 2580 nec
807 2519 898 2597 dare,
922 2520 995 2597 Gai,

282 2603 409 2664 Vincam
429 2609 462 2664 te
480 2605 568 2665 donis
585 2605 825 2682 muneribusque
844 2605 930 2664 meis.

236 2687 353 2768 Accipe
371 2686 517 2748 Callaicis
535 2687 684 2768 quidquid
696 2687 777 2747 fodit
794 2688 890 2749 Astur
903 2689 935 2746 in
952 2689 1053 2766 mis,

281 2773 384 2832 Aurea
401 2771 551 2852 quidquid
568 2773 663 2833 habet
681 2770 785 2831 diuitis
804 2772 885 2832 unda
904 2771 1000 2848 'l'agi3

215 2854 397 2932 oQuidquid
413 2858 594 2936 Erythraea·
605 2856 830 2934 nigerinvenit
844 2854 935 2914 [ndns
952 2856 985 2914 in
1005 2854 1077 2934 alga

279 2939 436 3019 Quidquid
455 2947 488 3000 et
504 2941 538 3000 in
554 2938 636 2999 nidis
654 2940 743 2999 unica
761 2945 864 2999 servat
880 2939 960 3012 avis;

237 3021 394 3102 Quidquid
411 3025 575 3102 Agenoreo
595 3023 697 3102 Tyros
716 3025 858 3103 improba
875 3021 959 3100 cogit
976 3022 1096 3082 aheno:

278 3104 436 3185 Quidquid
456 3108 572 3175 habent
589 3124 712 3184 omnes,
735 3107 856 3186 accipe,
879 3104 1034 3184 quomodo
1055 3105 1122 3164 das.

630 3238 743 3302 xvii·

115 3347 117 3350 ’
238 3349 442 3411 Saturnalicio
461 3353 600 3413 Macrum
617 3352 764 3414 fraudare
782 3356 918 3430 tributo,

278 3431 423 3508 Frustra,
445 3427 550 3510 Musa}
573 3437 673 3515 cupis:
695 3436 866 3516 nonlicet,
886 3438 955 3518 ipre
971 3439 1073 3517 petit:
