2430 3894
324 129 664 193 EPIGRAMMATON
678 129 751 191 LlB.
768 131 819 193 lV.
1036 130 1096 193 103

489 331 653 394 LXXVIII.

140 448 274 512 Condita
288 467 356 507 cum
370 447 428 508 tihi
443 447 484 507 sit
498 447 557 505 ism
572 446 760 522 sexagesima
774 447 892 506 messis·

180 535 223 594 nt
236 532 334 592 facies
349 528 445 590 multo
462 528 625 610 splendeat
639 525 711 588 alhs,
722 527 806 609 pilo,

137 617 294 678 Discurris
308 621 375 691 tots
389 633 481 693 vagus
495 614 592 691 urhe,
615 629 673 671 nec
687 611 750 672 ulle
766 613 914 675 cathedra
928 621 992 694 est,

181 701 240 760 cui
254 718 317 759 non
332 717 420 758 moue
435 698 517 758 ieras
532 697 722 774 irrequietus
737 697 820 773 Ave;

115 785 179 847 ant
192 784 259 843 sine
274 789 306 843 te
321 781 398 842 nulli
413 781 459 842 fas
474 787 523 842 est
536 779 664 861 prodire
680 780 822 858 tribuno,

181 867 246 927 Nec
266 872 353 927 curet
367 865 470 926 officio
488 862 596 924 consul
610 869 744 942 uterque
759 871 829 940 tuo;

138 952 180 1013 Et
194 969 282 1011 sscro
294 948 421 1012 deciens
432 949 552 1028 repetis
567 945 686 1006 l’clatis
701 945 778 1007 cliro

181 1033 370 1112 Sigerosque
391 1051 494 1092 meros
509 1031 757 1109 Partheniosque
772 1051 872 1093 sonss.

137 1117 225 1177 Haec
239 1116 355 1177 faciant
369 1134 444 1176 sane
457 1117 602 1176 iuvenes:
625 1113 811 1193 deformius,
832 1116 926 1194 Afer,

92 1211 131 1264 lo
180 1201 311 1260 0mulno
327 1196 406 1260 nihil
423 1205 472 1261 est
486 1197 646 1259 ardalione
661 1215 746 1260 sene.

508 1332 642 1394 LXXIX.

137 1447 261 1527 Hospes
276 1464 346 1507 eras
361 1448 461 1507 nostri
475 1463 615 1526 semper,
637 1446 763 1522 Matho,
787 1445 955 1507 Tiburtini.

102 1555 106 1558 ·
180 1531 248 1590 Hoc
263 1532 349 1594 emis.
378 1531 527 1611 imposui:
549 1548 602 1589 rus
617 1530 675 1589 tibi
689 1529 789 1590 vendo
807 1536 901 1591 tuum.

510 1661 632 1724 LXXX.

137 1774 298 1837 Declamas
313 1776 346 1834 in
359 1774 466 1853 lehre,
487 1775 614 1835 Maron:
635 1774 714 1834 hanc
730 1793 800 1834 esse
814 1776 983 1855 phrenesin

182 1859 215 1920 Si
230 1859 349 1936 nescis,
370 1877 434 1918 non
449 1877 482 1918 es
497 1878 605 1936 sanus,
627 1858 723 1920 amice
739 1858 860 1922 Maron.

126 1941 301 2020 [Declamas
316 1960 426 2021 aeger,
447 1939 602 2003 declsmss
615 1942 845 2002 hemitritaeos:

181 2026 215 2086 Sl
229 2025 342 2086 sudare
358 2025 449 2086 aliter
463 2045 525 2086 uon
539 2032 646 2106 potes,
669 2031 718 2086 est
736 2027 840 2105 retiol

113 2110 275 2190 5„hlagna
288 2116 392 2170 tamen
404 2127 458 2169 res
473 2111 553 2170 est.“
580 2110 693 2184 Erras,
715 2128 783 2169 cum
797 2111 917 2170 viscera
931 2110 1029 2172 febris

180 2194 306 2271 Exurit,
328 2211 380 2253 res
392 2199 441 2254 est
453 2212 563 2272 magua
575 2199 698 2271 tacere,
719 2193 840 2254 Maron.

510 2325 642 2386 LXXXI.

132 2439 331 2518 Epigramma
344 2443 484 2497 nostrum
498 2455 567 2496 cum
583 2433 713 2496 Fabulla
726 2436 869 2515 legisset,

134 2521 260 2600 Negare
276 2519 389 2581 nullam
405 2539 464 2600 quo
482 2537 597 2600 queror
611 2518 802 2603 puellarum,

135 2604 243 2665 Semel
257 2611 365 2684 rogate
378 2605 489 2684 hisque
504 2609 616 2681 terque
630 2603 770 2684 neglexit

135 2688 255 2749 Preces
269 2689 406 2750 amantis.
435 2688 513 2765 lam,
534 2685 681 2767 Fabulla,
703 2689 867 2769 promitte:

112 2771 261 2853 5Negarc
275 2772 368 2849 iussi,
388 2788 563 2852 pernegare
577 2791 640 2831 non
653 2773 737 2834 iussi.

496 2915 645 2980 LXXXII.

132 3030 201 3090 llos
215 3048 339 3110 qnoque
354 3030 533 3092 commenda
547 3029 717 3112 Venuleio,
736 3033 831 3112 Rufe,
853 3031 980 3094 libellos

178 3113 314 3194 lmputet
330 3120 363 3174 et
375 3115 466 3175 nohis
483 3115 545 3175 otia
557 3135 666 3196 parva,
688 3135 779 3196 roga,

134 3197 298 3258 immemor
313 3203 346 3257 et
359 3196 481 3279 paulum
497 3218 639 3259 curarum
652 3217 843 3280 operumque
859 3219 982 3260 suorum

178 3280 247 3341 Non
262 3281 376 3342 tetrica
389 3301 485 3361 nugas
501 3284 603 3362 exigat
618 3302 692 3343 aure
709 3302 801 3344 mess.

109 3362 203 3427 §Sed
221 3383 280 3424 nee
294 3371 366 3445 post
380 3365 512 3446 primum
526 3365 613 3446 legst
626 3367 704 3428 haec
721 3385 907 3428 summumve
922 3368 1080 3446 trientem,
