2430 3894
440 165 484 224 M.
503 163 593 224 VAL.
611 161 836 222 MAltTlALlS

204 319 271 382 vae
286 316 455 396 glabrariu,
478 333 532 374 ree
547 315 605 374 tibi
619 311 755 375 misellus

207 401 324 461 Nudam
340 408 372 460 te
389 406 505 460 statuet
518 407 589 458 tuns
603 399 772 478 Lupercus.

588 532 697 594 XXIX.

207 649 333 725 Obstat,
355 664 426 706 cere
441 644 581 725 Pudens,
602 648 717 707 nostris
733 667 787 707 ιιιιι
800 648 891 708 turbe
904 645 1024 710 libellis

248 731 474 809 Lectoremque
488 731 639 808 frequens
652 729 749 791 lasset
763 737 796 791 et
808 729 919 812 implet
932 752 1019 812 opus.

205 816 286 875 Rern
299 815 417 875 iuvent:
438 815 546 893 primis
560 816 604 874 ric
615 815 712 890 maior
727 816 824 894 gretie
839 817 954 895 pomis,

248 900 407 959 Hibernae
421 899 555 978 pretium
571 899 616 957 sic
630 917 774 958 meruere
788 917 894 974 rosoe3

182 982 485 1064 5SiclspolictrIcem
502 981 694 1042 commendet
707 982 804 1042 tostus
819 983 962 1061 emicem,

248 1067 338 1126 lonue
353 1085 411 1126 nec
425 1067 566 1126 iuvenem
581 1081 703 1146 semper
719 1072 825 1146 aperte
839 1072 936 1128 tenet.

208 1146 336 1229 Saepius
350 1152 383 1210 in
396 1148 479 1209 libro
493 1157 671 1209 numeretur
685 1149 811 1210 Persius
825 1168 902 1228 uno,

249 1234 343 1308 Quem
356 1232 433 1293 levis
448 1233 480 1291 in
493 1239 558 1293 tote
574 1233 695 1293 Morsus
710 1232 904 1293 Amazonide.

208 1316 257 1376 Tu
273 1335 395 1396 quoque
410 1315 449 1374 de
462 1317 578 1376 nostris
593 1316 715 1394 releges
731 1335 943 1396 quemcunque
956 1311 1096 1398 libellis,

167 1412 199 1462 10
246 1401 324 1461 Esse
338 1408 412 1480 pute
427 1397 538 1459 solum:
562 1401 606 1460 ric
620 1401 677 1460 tibi
691 1399 790 1482 pluris
806 1403 875 1460 erit.

538 1567 540 1572 ,
595 1531 690 1594 XXX.

208 1648 321 1707 Brinno
336 1644 445 1726 procul
461 1645 560 1706 eloco
576 1645 708 1724 recede,

208 1731 365 1803 Piscator;
387 1729 477 1807 iuge,
499 1748 539 1788 ne
555 1748 670 1789 nocens
684 1727 823 1791 recedes.
879 1757 881 1760 ·

209 1814 311 1873 Sacris
325 1814 460 1894 pisscibu
475 1814 534 1873 huc
549 1819 692 1880 notentur
707 1811 823 1890 undae,

209 1897 268 1972 Qui
283 1904 396 1958 norunt
411 1895 564 1957 dominum
579 1915 760 1976 manumque
773 1895 912 1957 lambunt

187 1981 310 2060 billum,
333 2001 392 2060 qne
406 1980 486 2041 nibil
502 1988 551 2041 est
567 1982 598 2041 in
613 1983 689 2041 orbe
704 1981 808 2042 meins.

209 2063 305 2143 Quid,
328 2065 411 2144 quod
425 2083 538 2124 nomen
552 2066 669 2124 hubent
683 2070 716 2124 et
729 2064 768 2123 sd
782 2064 921 2143 magistri

208 2149 324 2212 Vocem
341 2151 471 2228 quisque
487 2150 533 2208 sui
548 2150 632 2207 venit
648 2147 780 2207 citetur?

209 2234 277 2294 lloc
292 2232 443 2312 quondum
458 2232 552 2312 Libys
566 2232 676 2312 impius
691 2230 861 2313 profundo,

208 2318 287 2377 Dum
302 2316 447 2397 praedem
465 2314 751 2378 celemo'tremente
766 2314 866 2392 ducit,

168 2400 315 2482 lolirptis
330 2399 496 2461 luminibus
512 2406 643 2480 repente
659 2418 768 2459 coecus

210 2485 339 2564 Captum
353 2503 414 2543 non
430 2484 532 2560 potuit
544 2483 651 2544 videre
665 2484 797 2563 piscem,

207 2568 248 2627 lit
263 2585 343 2624 nunc
358 2565 523 2644 sacrilegos
537 2584 668 2645 perosus
681 2568 787 2628 homos

208 2651 338 2709 Beienos
352 2648 442 2709 sedet
457 2647 495 2708 od
509 2647 595 2709 lacus
610 2658 744 2729 rogator.

208 2735 250 2793 At
264 2740 315 2812 tu,
339 2732 410 2794 dum
425 2739 532 2814 potes,
555 2735 703 2794 innocens
718 2731 832 2794 recede

167 2817 298 2880 151actis
313 2816 502 2899 simplicibus
518 2818 594 2877 cibis
608 2819 640 2876 in
655 2817 766 2896 unlus,

209 2901 251 2962 Et
264 2903 365 2982 pisces
379 2919 529 2962 venerere
545 2900 703 2962 delicatos.

590 3034 697 3095 XXXI.

211 3146 302 3225 Quod
316 3149 401 3227 cupis
415 3149 446 3207 in
461 3150 577 3208 nostris
592 3148 715 3227 dicique
730 3146 855 3226 legique
868 3141 985 3207 libellis
1017 3185 1019 3190 -

249 3231 292 3292 Et
306 3229 471 3292 nonnullus
486 3232 584 3292 honos
597 3232 736 3292 creditur
750 3233 810 3291 iste
824 3231 899 3307 tibi,
1023 3230 1026 3234 ’

208 3314 255 3373 Ne
270 3313 402 3391 valeam,
422 3315 449 3375 si
463 3334 525 3374 non
538 3332 590 3375 res
605 3322 654 3375 est
669 3315 840 3395 gratissime
854 3314 944 3375 nobis

250 3397 292 3457 Et
307 3394 376 3456 volo
392 3405 424 3457 te
439 3399 553 3458 chortis
567 3399 735 3458 inseruisse
747 3399 833 3458 meis.
