2478 3922
448 159 576 208 sititis
596 159 660 208 ΧΠ.

56 301 217 368 Testiculi:
242 301 318 362 adeo
341 299 514 362 medicatum
535 299 682 380 intellegit
691 300 808 377 inguen.

56 389 200 463 Fundite,
222 401 299 468 quae
320 400 385 444 mea
406 393 487 461 sunt,
508 383 643 459 dicebat,
668 393 787 461 cuncta,
812 381 952 464 Catullus,

57 472 260 552 Praecipitare
279 468 384 530 voleus
406 469 492 528 etiam
515 466 726 546 pulcherrima,
745 477 858 530 uestem

57 559 255 636 Purpuream,
275 553 386 614 teneris
407 567 524 631 quoque
545 549 764 614 blassenatibus
785 562 892 634 aptam,

57 643 158 720 Atque
178 639 267 714 alias,
289 653 408 717 quarum
430 635 571 714 generosi
592 635 845 717 graminis'ipsum
1018 649 1054 706 40

58 725 167 787 iniecit
187 731 287 783 natura
309 737 418 800 pecus,
442 720 495 781 sed
518 727 548 780 et
569 723 709 799 egregius
731 721 797 782 lons

56 808 177 869 Viribus
202 805 325 867 occultis
348 813 379 864 et
399 804 535 865 Basilum
558 802 673 866 adiuvat
691 823 752 866 aer.
783 859 786 864 ,

56 893 114 955 Ille
136 909 193 953 nec
214 897 365 968 argentum
383 887 539 948 'dubitabat
558 888 690 966 mittere,
711 889 813 950 lauces

58 975 215 1038 Parthenio
234 972 345 1049 iactas,
369 989 457 1033 uiuae
481 977 596 1033 cratera
616 989 757 1051 capacem

57 1060 97 1122 lit
120 1060 237 1138 dignum
258 1057 373 1118 sitiente
395 1055 488 1118 Pholo
510 1055 559 1116 vel
582 1057 707 1134 coniuge
730 1055 833 1132 Fusci3
1019 1068 1053 1122 45

59 1143 147 1206 Adde
168 1151 197 1203 et
217 1139 382 1202 bascaudas
403 1149 432 1200 et
453 1139 532 1200 mille
551 1139 683 1216 escaria,
706 1139 824 1200 multum

59 1227 191 1302 (incluti,
214 1224 330 1286 biberat
348 1240 407 1304 quo
430 1223 552 1284 callidus
574 1232 689 1303 emptor
709 1221 837 1300 Olynthi.

59 1311 123 1373 Sed
145 1311 209 1390 quis
231 1325 306 1369 nune
328 1308 417 1386 alius,
440 1320 497 1387 qua
518 1308 614 1368 mundi
637 1317 721 1388 parte
741 1309 807 1388 quis
823 1308 912 1372 audet

59 1397 195 1473 Argenta
211 1392 364 1474 praeferre
388 1389 475 1472 capul
496 1391 644 1472 rebusque
666 1389 811 1468 sulutem?

61 1478 275 1560 [Nouprcpter
291 1478 379 1538 uitam
398 1475 507 1538 iaciunt
528 1477 697 1554 patrimonia
719 1476 845 1555 quidum,
1019 1486 1053 1542 50

1 1595 2 1616 i
61 1563 124 1624 Sed
145 1563 215 1622 sitio
238 1562 321 1623 caeci
341 1569 470 1641 propter.
486 1561 656 1640 patrimonia
677 1561 805 1638 vivunt}

1 1687 2 1715 i
59 1647 187 1708 lactatur
205 1662 304 1706 rerunt
322 1645 432 1706 utilium
453 1661 522 1723 pars
543 1645 684 1720 maxima,
704 1644 758 1704 sed
780 1662 837 1706 nec

59 1730 172 1791 Damna
191 1730 302 1799 levant3
325 1737 393 1790 tuuc
416 1727 549 1812 aduersis
569 1727 740 1806 urgentibus
761 1727 834 1790 illuc

61 1814 213 1891 Reccidit,
233 1822 264 1874 ut
285 1814 389 1874 malunt
411 1812 492 1872 ferra
515 1814 723 1890 summitteret,
744 1829 780 1873 ac
802 1829 836 1874 se

59 1898 199 1979 Explicat
220 1903 386 1975 angustum:
410 1897 582 1958 discriminis
601 1897 712 1972 ultima,
738 1897 852 1976 quando
1019 1907 1052 1962 bb
1096 1963 1098 1970 Α

60 1983 210 2044 Praesidia
231 1981 376 2044 afferimus
396 1997 500 2042 navem
521 1981 633 2042 iactura
655 1981 805 2041 minorem.

59 2067 171 2128 inme
193 2075 223 2127 et
242 2065 338 2128 ventis
355 2066 482 2126 animam
506 2065 667 2141 committe,
691 2064 789 2126 dolato

61 2149 196 2213 Gontisus
217 2150 315 2228 ligne,
338 2149 435 2227 digitis
458 2165 474 2210 a
495 2157 589 2209 morte
608 2156 738 2209 remotas

62 2235 205 2310 Quattuor
225 2243 274 2295 aut
294 2242 424 2312 septem,
447 2233 473 2292 si
495 2233 533 2293 sit
553 2233 692 2294 latissima
709 2230 812 2306 iaeda;

61 2319 130 2380 Mox
150 2337 216 2380 curn
233 2317 364 2379 reticulis
384 2325 414 2379 et
430 2333 507 2396 pane
531 2320 561 2376 et
582 2325 685 2376 ventae
707 2315 832 2392 lagonae
1019 2320 1053 2380 so

60 2403 173 2482 Aspice
195 2402 349 2464 sumendus
370 2402 596 2480 intempestate
619 2412 751 2461 secures.

59 2487 122 2549 Sed
142 2496 298 2567 postquam
316 2486 404 2546 iacuit
424 2485 540 2565 plemma
560 2501 658 2561 mare,
679 2491 813 2562 tempora
830 2490 984 2564 postquam

57 2573 208 2651 Prospera
229 2571 358 2632 vecturis
379 2569 526 2650 intumque
548 2569 691 2630 valentius
714 2579 785 2629 euro
802 2569 806 2589 ¹

57 2655 96 2716 Et
116 2655 244 2735 pelago,
261 2663 421 2735 postquam
441 2653 551 2715 Parcae
571 2654 693 2714 meliora
715 2652 841 2730 benigna

57 2740 153 2801 Pensa
175 2757 259 2800 manu
280 2737 518 2800 ducunt‘liilaues
540 2747 569 2799 et
588 2738 716 2798 staminis
737 2736 797 2797 albi
828 2739 832 2749 ”
1019 2743 1053 2800 65

56 2823 220 2900 lanificae,
242 2823 355 2884 modica
373 2833 430 2883 trec
450 2821 569 2882 multum
587 2822 692 2883 fortior
709 2839 778 2882 aura

56 2906 171 2968 Ventus
193 2908 292 2968 adest:
311 2907 393 2987 inopi
411 2905 586 2968 miserabilis
606 2913 669 2968 arte
692 2905 819 2966 cucurrit

56 2990 198 3053 Vestibus
221 2992 422 3068 cirtensium,
445 2990 524 3070 qnod
542 2998 733 3069 superaverat
754 3003 850 3070 uuum,

56 3074 134 3136 Velo
158 3092 248 3155 prora
269 3093 333 3136 suo.
375 3075 436 3136 lam
452 3073 655 3136 deficientibus
677 3073 781 3134 attstris

57 3160 135 3239 Spes
157 3159 237 3221 vitae
259 3176 323 3220 cum
346 3159 410 3220 sole
429 3157 520 3232 retlit;
543 3167 612 3220 tune
632 3168 735 3238 gratus
754 3156 819 3220 lulc
1018 3165 1053 3222 lo

56 3244 156 3323 Atque
176 3243 329 3306 novercali
351 3243 443 3305 sedes
463 3243 596 3322 praelata
616 3241 725 3303 barino
901 3258 903 3263 ·

56 3325 246 3406 Conspicitur
267 3329 399 3390 sublimis
419 3345 498 3408 apex
507 3368 522 3404 ,ι
536 3328 584 3388 cui
604 3327 724 3390 candida
746 3337 854 3388 nomen

56 3411 164 3473 Scrolst
185 3409 282 3490 dedit,
303 3413 389 3476 laetis
411 3411 576 3490 Phrygibus
597 3410 728 3472 mirabile
752 3427 864 3488 sumen,

96 3517 154 3558 ruv.
178 3517 241 3558 ssu.
827 3502 844 3555 6
