2460 3878
316 200 745 266 nnsomnnnuonna.
761 203 834 301 nr.¹
1026 202 1089 272 ιιι
1194 136 1197 284 l

171 355 333 416 Murmure
345 354 405 412 iam
420 371 510 415 saevo
524 354 768 434 verberibusque
782 361 882 421 tonas.

100 440 210 504 5Tam
226 455 319 517 grave
332 439 489 518 percussis
503 437 666 498 incudibus
682 449 754 498 aera
767 439 935 519 resultant,

173 520 336 584 Causidico
351 520 485 581 medium
501 541 568 582 cum
583 522 673 582 faber
687 527 771 602 aptat
785 538 912 602 equum:

126 607 239 670 Mitior
252 606 285 666 iu
299 623 408 683 magno
424 604 539 666 clamor
553 606 631 667 iurit
645 606 888 686 amphitheatro,

171 691 319 754 Vincenti
334 707 458 768 parmae
474 709 541 749 cum
557 708 611 750 sua
624 691 715 749 turba
729 690 821 752 favet.

127 775 232 839 Vicini
247 792 385 834 somnum
399 792 461 833 non
477 780 542 834 tota
557 780 651 835 nocte
665 793 824 851 rogamus:
885 817 894 824 ,⁴

76 872 119 922 ιο
168 859 244 919 Nam
258 856 386 936 vigilare
401 857 470 919 leve
485 863 550 937 est,
573 856 760 937 pervigilare
776 876 868 936 grase
882 865 939 922 est.

126 938 303 1023 Discipulos
318 939 439 1002 dimitte
455 948 534 1002 tuos.
563 941 635 1020 Vis,
658 940 799 1021 garrule,
822 949 966 1023 quantum

171 1026 295 1106 Accipis
311 1031 346 1084 ut
363 1023 495 1103 clames,
519 1027 661 1106 achpere
676 1032 710 1085 ut
727 1030 852 1088 taceas?

514 1192 620 1254 LXIX.

127 1307 205 1367 (lum
222 1306 332 1384 futuis,
354 1303 574 1384 Polycharme,
597 1304 679 1366 soles
692 1308 725 1366 in
738 1307 800 1366 fine
816 1327 933 1372 cacare.

172 1391 249 1451 (lum
263 1387 454 1470 predicaris,
477 1388 566 1468 quid,
587 1387 807 1468 Polycharmo,
828 1391 927 1451 facis?

519 1549 611 1612 LXX.

126 1665 256 1725 Dixerat
272 1683 312 1742 „o
327 1663 444 1724 mores!
467 1682 485 1722 o
502 1664 679 1743 tempora!“
709 1660 833 1724 Tullius
849 1664 939 1745 olim,

169 1746 361 1826 Sacrilegum
377 1754 516 1808 strueret
529 1767 597 1808 cam
613 1745 746 1808 Catilina
761 1748 864 1828 nefas,

125 1835 203 1894 Cum
218 1849 316 1910 gener
332 1839 424 1910 atque
440 1850 530 1892 socer
545 1830 621 1892 diris
637 1840 840 1894 concurreret
852 1834 945 1893 armis

168 1917 352 1996 Maestaque
367 1913 450 1975 civili
465 1915 560 1976 caede
574 1915 716 1977 maderet
729 1916 847 1978 humus.

96 2002 192 2064 5Cur
205 2019 287 2060 nuuc
301 2019 342 2078 „o
353 2000 494 2060 mores!“
516 2021 570 2060 cur
587 2019 668 2060 nunc
683 2019 723 2078 „o
738 2000 912 2081 tempora!“
922 1999 1028 2061 dicis?

168 2082 259 2161 Quod
272 2086 330 2144 tibi
344 2103 406 2143 non
421 2081 559 2163 placeat,
585 2081 777 2161 caeciliane,
797 2084 957 2163 quidest?

122 2167 215 2229 Nulla
230 2167 341 2228 ducum
355 2168 481 2246 feritas,
502 2167 587 2228 nulla
601 2175 651 2227 est
663 2168 781 2227 insania
794 2169 891 2242 ferri;

167 2253 248 2312 Pace
262 2252 324 2313 frui
340 2259 426 2313 certa
439 2251 620 2331 laetitiaque
633 2250 719 2311 licet.

124 2336 195 2396 Non
211 2337 311 2396 nostri
326 2337 459 2412 faciunt,
481 2336 539 2396 tibi
555 2334 637 2414 quod
650 2341 703 2394 tua
719 2340 860 2415 tempora
873 2332 1019 2414 sordent,

70 2430 112 2484 10
165 2419 230 2480 Sed
243 2420 360 2481 faciunt
374 2438 494 2496 mores,
516 2419 707 2496 Caecilianc,
728 2419 783 2482 tui.
918 2426 921 2430 ’

507 2585 614 2648 LXXI.

121 2699 254 2780 Massyli
265 2698 317 2761 leo
331 2698 412 2757 fama
423 2698 487 2776 iugi
500 2699 685 2778 pecorisque
699 2699 826 2759 maritus

162 2782 310 2861 Lanigeri
323 2783 433 2841 mirum
449 2801 508 2861 qua
522 2784 627 2841 coiere
642 2780 715 2842 lide.

119 2867 194 2948 lpse
208 2865 284 2926 licet
297 2864 419 2942 videas,
441 2882 532 2925 cavea
544 2864 736 2925 stabulantur
751 2865 785 2924 in
797 2879 858 2924 una

163 2951 206 3010 Et
219 2951 339 3030 pariter
353 2950 451 3009 oscias
466 2950 566 3028 carpit
580 2954 713 3028 uterque
729 2946 839 3029 dapes:

90 3033 189 3099 5Nec
202 3033 272 3095 i'etu
285 3051 446 3092 nemorum
461 3032 596 3112 gaudent
610 3051 669 3092 nee
682 3033 807 3094 mitibus
822 3033 946 3112 herbis,

163 3115 360 3178 Concordem
373 3118 465 3178 satiat
479 3115 536 3177 sed
549 3116 636 3178 rudis
651 3135 728 3196 agna
742 3117 864 3180 iamem.

116 3199 203 3278 Quid
217 3203 331 3262 meruit
345 3207 450 3261 terror
466 3200 614 3278 Nemees,
638 3199 712 3281 quid
728 3201 873 3282 proditor
887 3196 1015 3277 Helles,

159 3284 206 3346 Ut
218 3286 339 3346 niteant
354 3284 431 3345 celsi
443 3283 548 3346 lucida
563 3287 648 3364 signa
662 3283 754 3366 polii

114 3367 232 3430 Sidera
246 3370 273 3428 si
285 3377 415 3449 possent
427 3368 626 3450 pecudesque
640 3369 790 3446 feraeque
805 3368 941 3445 mereri,

65 3467 103 3519 10
157 3453 221 3514 Hic
237 3453 319 3514 aries
333 3452 441 3533 astris,
463 3453 515 3514 hic
526 3450 579 3512 leo
598 3451 708 3531 dignus
723 3456 799 3513 erat.
