2460 3878
458 156 503 217 Μ.
520 156 612 218 VAL.
628 157 852 218 MAli'IIALIS

515 427 518 432 Δ
597 357 716 418 axxu.

218 475 348 534 Frustra
362 470 534 532 Blanditiae
548 474 660 532 venitis
674 471 712 531 ad
727 489 776 532 me

219 557 345 617 Attritis
361 554 554 616 miserabiles
568 554 701 616 Iebcllis.

220 641 364 699 Dicturus
379 637 532 699 domiuum
548 640 701 718 deumque
718 659 779 698 non
795 657 869 698 sum.

217 724 279 784 lam
296 743 357 782 non
373 730 421 782 est
434 721 521 782 locus
536 723 593 782 hec
609 724 641 782 in
656 723 734 782 urbe
748 723 850 795 vobis3

196 807 266 870 ond
281 807 411 867 Parthos
426 805 535 885 procul
548 808 593 866 lte
607 805 739 886 pileatos

217 891 259 950 Et
273 897 380 969 turpes
399 889 591 970 humilesque
606 888 824 970 supplicesque

220 976 376 1035 Pictorum
392 972 459 1034 sola
472 975 589 1034 basiate
604 993 721 1051 regum.

217 1059 286 1118 Non
302 1065 351 1117 est
363 1059 415 1118 hic
429 1058 585 1134 dominus,
608 1055 664 1117 sed
679 1059 863 1137 Imperator,

218 1142 280 1202 Sed
295 1143 478 1201 iustissimus
496 1143 628 1202 omnium
644 1147 784 1217 senator,

177 1227 276 1288 10Per
292 1243 381 1303 quem
396 1224 436 1284 de
451 1226 556 1304 Stygis
571 1225 659 1284 ‹Iomo
675 1223 804 1283 reducta
818 1229 868 1282 est
953 1243 962 1258 ·

216 1309 313 1370 Siccis
328 1309 443 1367 rustica
458 1308 583 1369 Veritus
598 1306 717 1388 capillis

215 1392 284 1453 Hoc
298 1393 353 1452 sub
368 1393 526 1472 principe,
550 1394 576 1452 si
590 1394 686 1473 sapis,
709 1398 832 1468 caveto,

215 1477 347 1555 Verbis,
367 1476 479 1553 Roma,
499 1477 654 1555 prioribus
668 1473 816 1554 loquaris.

585 1609 717 1670 LXXIII.

216 1721 336 1780 Littera
350 1720 473 1781 facundi
491 1728 610 1800 gratum
624 1721 699 1781 mihi
712 1723 822 1800 pIgnus
837 1721 935 1781 amici

256 1802 408 1883 Pertulit,
428 1805 581 1865 Ausoniae
599 1803 677 1864 dona
693 1806 825 1884 superbe
838 1811 944 1884 togae,

216 1888 282 1963 Quo
297 1907 358 1947 non
371 1889 549 1965 Fabricius,
571 1887 628 1947 sed
641 1887 738 1948 vellet
752 1889 877 1967 Apicius
894 1889 956 1966 nti,

257 1969 364 2032 Vellet
378 1971 543 2032 Maecenas
558 1973 759 2032 Caesarianus
773 1990 877 2050 eques.

193 2053 320 2117 bVilior
337 2057 413 2116 haec
431 2057 519 2115 nobis
536 2054 596 2114 alio
612 2057 757 2115 mittente
770 2055 895 2115 fuisset:

257 2139 326 2199 Non
340 2158 521 2218 quacunque
536 2159 627 2199 menn
643 2141 765 2199 victima
780 2158 867 2198 caesa
883 2139 961 2200 litat.

215 2223 241 2281 A
256 2227 289 2282 te
305 2223 395 2291 missa
409 2224 502 2285 venit.
535 2224 661 2283 Possem
676 2223 736 2282 nisi
751 2241 858 2282 munus
873 2242 991 2301 amare,

159 2373 162 2380 ,
256 2306 379 2382 Merce,
393 2312 494 2384 tuum,
511 2315 651 2386 poteram
666 2324 778 2366 nomen
795 2325 896 2366 amare
913 2325 1026 2369 meum.

213 2389 346 2449 Munere
362 2389 418 2449 sed
432 2391 501 2470 plus
516 2397 565 2449 est
580 2396 612 2450 et
625 2392 748 2449 nomine
762 2391 878 2468 gratius
895 2392 962 2470 ipso
1039 2445 1047 2458 ,

173 2481 208 2532 10
255 2473 398 2532 Officium
414 2472 498 2533 docti
514 2473 721 2552 iudiciumque
737 2474 806 2533 viri.
822 2461 834 2482 ⁶

584 2620 724 2682 uxxw:

212 2729 273 2788 Iam
287 2749 381 2809 parce
394 2729 493 2807 lasso,
514 2732 625 2810 Roma,
648 2731 846 2810 gratulatori,

211 2811 307 2874 Lasso
324 2813 438 2874 clienti.
471 2814 621 2891 Quamdiu
635 2813 782 2875 salutator

212 2895 473 2958 Anteambulones
487 2906 521 2958 ct
535 2899 686 2976 togatulos
702 2901 786 2959 inter

213 2979 344 3040 (lentum
357 2983 502 3041 merebor
515 2981 676 3062 plumbeos
691 2981 743 3042 ‹lIe
758 2988 842 3060 toto,

189 3063 290 3144 silum
305 3062 440 3143 Scorpus
455 3084 513 3123 una
529 3065 825 3144 quindecimgraves
841 3067 920 3125 hors

210 3143 373 3204 FerveutIs
391 3148 457 3205 auri
471 3148 570 3207 victor
584 3149 703 3208 auferat
717 3150 843 3208 saccos?
967 3215 970 3223 Δ

210 3225 279 3283 Non
293 3245 350 3302 ego
364 3247 501 3287 meorum
514 3233 682 3309 praemium
695 3231 887 3309 libellorum,

214 3339 249 3348 =-
267 3307 347 3381 Quid
362 3313 443 3370 enim
460 3315 641 3373 merentur?
657 3345 701 3361 -
713 3313 851 3394 Appulus
867 3313 961 3375 velim
979 3336 1127 3398 campos;

210 3385 279 3445 Non
293 3387 409 3470 Hybla,
433 3412 493 3452 nou
508 3412 556 3454 me
572 3398 699 3474 spicifer
715 3399 797 3478 capit
811 3397 915 3474 Nilus,
