2500 3912
522 247 646 294 SATIRA
668 247 693 294 1.

102 386 227 465 Antiqnis
248 404 303 446 una
324 384 478 446 comedunt
499 386 669 463 patrimonia
689 403 798 446 mensa.

100 470 196 532 Nullus
217 471 273 530 iam
294 470 437 548 parasitus
460 469 524 529 erit.
555 469 615 530 Sed
638 471 703 548 quis
725 469 801 528 ierat
822 470 893 530 istas

100 553 235 630 Luxuriae
259 549 385 614 sordes?
407 561 512 632 quanta
536 561 581 612 est
603 553 687 629 gula,
709 571 783 631 quae
807 553 862 612 sibi
884 563 962 617 totos
1031 569 1081 623 140

100 637 176 698 Ponit
194 655 301 716 apros,
323 636 428 698 animal
448 645 570 714 propter
592 637 726 696 convivia
744 637 853 696 natum!

98 720 190 782 Poena
210 730 305 782 tamen
326 738 486 801 praesens,
509 739 595 800 quum
616 730 645 780 tu
667 721 790 798 deponis
810 723 930 783 amictus

99 804 232 883 lurgidus
256 815 285 865 et
307 805 425 865 crudum
444 821 588 883 pavonem
610 805 639 863 in
660 804 765 865 balnea
782 814 892 882 portas.

96 889 163 949 llino
185 889 298 950 subitae
320 897 430 948 mortes
454 897 540 967 atque
562 890 697 948 intestata
720 898 871 957 senectus:

96 971 130 1032 Et
149 991 222 1034 nova
243 992 301 1034 nee
323 972 413 1032 tristis
436 990 492 1051 per
515 982 634 1032 cunctas
655 972 754 1032 fabula
773 989 883 1031 coenas

96 1057 209 1117 Ducitur
229 1059 311 1118 iratis
335 1056 529 1135 plaudendum
550 1056 635 1115 funus
658 1056 767 1115 amicis.

154 1140 199 1201 Nil
221 1143 275 1202 erit
296 1141 432 1216 ulterius,
455 1139 533 1218 quod
554 1140 662 1200 nostris
684 1138 814 1199 moriltus
830 1139 916 1200 addat

95 1225 260 1294 Fisternae:
287 1224 391 1285 eadem
407 1225 518 1286 facient
541 1226 717 1303 cupientque
739 1223 877 1283 minores.

97 1307 180 1368 Omne
201 1310 229 1368 in
250 1309 407 1389 praecipiti
429 1309 528 1368 vitium
551 1309 644 1376 stetit:
667 1317 750 1367 utere
772 1308 864 1384 velis,

96 1391 180 1453 l'otos
201 1394 299 1472 pande
323 1391 417 1451 sinus!
452 1391 540 1452 Dicas
560 1391 607 1452 hic
630 1391 765 1452 forsitan:
788 1391 872 1452 Unde

94 1476 233 1554 Ingenium
255 1495 312 1556 par
331 1474 492 1536 materiae?
514 1475 590 1537 unde
612 1475 661 1536 illa
681 1477 811 1554 priorum

94 1560 241 1621 Scribcndi
263 1561 470 1640 quodcumque
490 1561 583 1620 animo
606 1561 747 1637 flagrante
769 1559 877 1620 liberet

94 1645 285 1724 Simplicitas,
308 1645 389 1704 cuius
410 1660 467 1701 non
489 1643 585 1704 audeo
606 1644 707 1704 dicere
729 1641 858 1704 nomen?

95 1728 164 1802 Quin
182 1729 279 1789 refert
300 1728 385 1789 dictis
407 1728 540 1803 ignoscat
560 1727 672 1788 lluoius
695 1747 730 1788 an
748 1726 828 1788 non?

93 1812 166 1872 l‘one
187 1812 380 1890 Tigellinum:
404 1811 490 1872 taeda
513 1811 626 1872 lucebis
648 1813 676 1872 in
697 1813 764 1889 illa,

95 1895 151 1968 Qua
174 1906 285 1958 stantes
307 1897 428 1972 ardent,
449 1897 498 1974 qui
521 1896 579 1954 lixo
603 1905 726 1975 pectore
748 1897 872 1972 fumant,

93 1978 127 2040 itt
147 1980 231 2042 latum
252 1981 351 2041 media
374 1980 482 2039 solcum
507 1979 626 2040 deducis
649 1998 746 2042 arena.
769 2015 812 2025 -

95 2064 145 2137 Qui
166 2066 243 2127 dedit
267 2080 342 2142 ergo
363 2063 455 2123 tribus
477 2065 586 2142 patruis
610 2065 741 2140 aconita,
761 2064 883 2125 vehatur

93 2146 250 2210 Pensilibus
274 2148 379 2228 plumis
401 2157 487 2226 atque
510 2147 590 2207 illinc
612 2148 756 2227 despiciet
777 2146 853 2209 nos?
876 2183 918 2196 -

95 2230 181 2314 Qu
196 2235 299 2294 veniet
322 2241 438 2308 contra,
463 2233 553 2308 digito
578 2250 736 2310 compesce
756 2231 912 2293 labellum:

94 2315 252 2378 Accusator
274 2317 330 2376 erit
352 2317 401 2394 qui
422 2314 546 2375 verbum
568 2316 687 2375 dixerit:
711 2316 760 2374 hic
783 2325 837 2373 est.

95 2400 216 2461 Securus
234 2400 308 2461 licet
325 2399 448 2460 Aenean
478 2397 672 2476 Rutulumque
692 2398 825 2457 ferocem

95 2480 274 2561 committas,
293 2483 363 2543 nulli
385 2485 483 2561 gravis
505 2492 551 2542 est
572 2499 731 2561 percussus
752 2480 885 2542 Achilles
926 2507 928 2512 ·

93 2566 147 2627 Aut
163 2570 282 2629 multum
306 2569 454 2646 quaesitus
475 2566 566 2642 Hylas
589 2583 746 2645 urnamque
767 2575 899 2635 secutus;

93 2649 167 2712 Ense
186 2653 268 2712 velut
291 2653 392 2712 stricto
413 2652 527 2730 quoties
546 2649 673 2711 lucilius
696 2650 802 2711 ardens

93 2732 252 2812 lnlremuit,
275 2734 362 2795 rubet
384 2736 514 2810 auditor,
539 2737 585 2794 cui
606 2734 711 2812 frigida
732 2753 813 2794 mens
837 2743 881 2794 est

95 2814 279 2896 Criminibus,
302 2820 391 2879 tacita
413 2818 515 2878 sudant
534 2818 710 2896 praecordia
735 2818 831 2897 culpa.

93 2899 159 2964 lnde
179 2905 242 2964 irae
267 2912 296 2963 et
318 2901 466 2962 lacrimae.
508 2901 617 2962 'lecum
639 2902 719 2980 prius
743 2920 814 2980 ergo
835 2903 933 2962 voluta

93 2982 168 3046 llaec
192 2989 287 3048 anime
311 2994 377 3047 ante
396 2986 496 3055 tubas:
519 2986 665 3063 galeatum
689 3003 757 3046 sero
782 2986 871 3046 duelli

94 3066 231 3147 Poenitet.
248 3103 289 3118 —-
309 3068 473 3149 Experiar,
500 3070 568 3148 quid
592 3069 769 3130 concedatur
789 3072 816 3129 in
840 3070 925 3146 illos,
1027 3077 1079 3132 170

95 3147 218 3224 Quorum
238 3152 378 3215 Flaminia
400 3154 507 3232 tegitur
531 3154 603 3212 cinis
625 3162 711 3232 atque
732 3151 841 3214 Latina.

491 3377 673 3388 ’,ιιι-ι-
