2528 3876
128 214 190 278 296
452 211 494 271 M.
511 211 602 272 VAL.
619 210 845 273 MARTIALIS

254 365 323 424 Nou
338 365 400 424 erit
414 365 447 422 iu
463 363 568 442 Stygia
584 363 688 422 notior
706 363 814 422 umbre
828 361 929 426 domo.

213 449 282 508 Nou
297 446 398 507 eliens
412 445 513 522 videt,
536 445 593 505 sed
607 453 687 505 umst
700 445 890 526 Proserpina
903 454 1032 527 ruptus:

254 531 316 591 Iste
330 531 388 591 tibi
403 529 556 590 domiuum
571 527 746 589 conessisvit
760 549 853 590 umor.

612 663 686 724 LIII.

213 775 334 836 Nummi
349 794 417 835 sum
431 775 488 835 tibi
502 775 565 835 siut
579 791 716 852 opesque
731 727 851 851 tertre,

215 861 349 936 Quantus
365 860 439 919 ciris
453 860 566 936 habet,
588 858 740 935 Psterne,
761 877 865 934 rurus,
895 864 906 876 “

213 944 352 1022 Largiris
363 940 444 1001 nihil
458 943 648 1020 iucubssque
663 959 773 1019 gerse,

214 1029 257 1088 Ut
271 1045 397 1104 mugnus
413 1024 523 1102 druco,
546 1042 636 1102 quem
651 1030 764 1085 eruunt
778 1029 889 1105 puetse

193 1109 384 1173 §Custodem
400 1110 538 1190 Scythici
552 1109 648 1168 fuisse
662 1107 735 1172 lusi.

215 1193 279 1254 Sed
295 1213 399 1273 seusu,
421 1200 456 1254 ut
471 1211 621 1253 memoras
636 1200 669 1252 et
684 1193 752 1271 ipse
767 1192 877 1268 iscius,

215 1279 307 1338 Dirue
321 1276 405 1338 iilius
419 1297 453 1336 es
468 1278 654 1356 rapacitatis.

213 1360 334 1440 Ecquid
350 1367 384 1421 tu
398 1362 499 1421 istuos
513 1358 669 1439 rudesque
684 1359 823 1438 quaeris,

214 1444 327 1506 [Iludss
345 1446 455 1524 quibus
470 1445 654 1523 suierssque
668 1443 826 1503 suentem?

174 1540 208 1593 10
215 1530 297 1590 Huic
311 1547 436 1610 semper
449 1530 525 1604 ritis
539 1533 629 1608 puter
642 1528 738 1588 fuisti,

610 1661 687 1723 LIV.

215 1775 311 1836 (Iriue
326 1776 438 1853 ruber,
458 1776 548 1854 niger
562 1793 633 1851 ere,
655 1774 758 1834 brevis
772 1771 870 1854 pede,
892 1745 1012 1834 lumine
1025 1773 1145 1856 laesus,
1242 1769 1244 1830 I

256 1857 485 1952 Rem'mugusm
499 1865 654 1940 praestus,
676 1855 784 1936 Zoile,
805 1859 832 1917 sI
845 1857 944 1917 bouus
959 1873 1006 1921 es.

621 1991 684 2054 LV.

185 2160 188 2166 .
219 2105 323 2165 (iratis
340 2104 392 2183 qui
409 2100 484 2161 dure
499 2121 552 2162 vos
565 2103 669 2180 iubet,
689 2100 829 2182 puellae,

217 2186 438 2256 Insulsissimus
452 2186 758 2265 ImprobissImusque
774 2195 831 2248 est.

218 2272 323 2332 (iretis
337 2289 378 2330 ne
395 2268 482 2346 date,
504 2270 621 2330 basiate
637 2271 742 2348 gustis.

216 2356 285 2415 Hoc
299 2353 397 2434 Aegle
412 2359 522 2431 negat,
542 2354 603 2413 hoe
616 2373 704 2413 uvsrs
717 2351 833 2416 vendit.

179 2438 280 2516 5[Sed
292 2438 406 2498 vendut
420 2439 519 2513 bene,
540 2438 661 2497 busisre
674 2443 822 2519 'quantum
835 2436 905 2497 esti

217 2523 285 2582 Hoc
299 2520 407 2581 vendit
422 2539 545 2599 quoque
559 2539 618 2580 nee
631 2519 694 2580 levi
710 2521 818 2602 rapine
825 2521 846 2598 3]

217 2607 279 2666 Aut
291 2603 403 2665 librum
418 2605 499 2684 petit
510 2602 563 2663 IIIa
579 2604 750 2680 Cosmiani,

217 2690 279 2749 Aut
293 2690 383 2749 binos
398 2693 508 2767 quater
523 2707 541 2746 ι
554 2707 631 2748 nuru
644 2695 781 2749 monete:

217 2773 264 2832 Ne
279 2773 342 2832 siut
354 2772 439 2832 basis
453 2778 536 2831 muts
551 2789 609 2832 nee
624 2770 773 2850 maligue,

176 2857 281 2918 10Nee
296 2857 389 2917 elusis
408 2853 523 2915 editum
538 2863 632 2935 neget
645 2853 779 2916 lsbellis.
835 2894 839 2901 -

217 2941 358 3000 Humsue
372 2946 476 2999 tumen
489 2940 549 2999 hoe
562 2940 653 3018 feeit,
676 2938 853 3018 sedunum:

219 3023 323 3083 (iratis
338 3041 416 3102 quse
433 3021 507 3082 (Iure
521 3024 639 3083 basium
651 3028 790 3100 recusat,

217 3107 322 3167 (iratis
335 3105 457 3184 liugere
473 3123 531 3166 nee
545 3114 670 3167 recusat
686 3106 792 3185 Aegle.

614 3241 692 3302 LVI.

218 3349 371 3424 Aegrotas
384 3368 445 3408 uno
463 3350 589 3410 deciens
604 3357 656 3410 uui
670 3352 791 3429 saepius
807 3370 901 3428 unus,

261 3428 324 3486 Nec
337 3430 412 3502 ubl,
435 3431 492 3489 sed
508 3433 597 3490 nobis
613 3433 691 3509 hue,
712 3431 933 3512 Polycharmo,
953 3441 1063 3497 uocet.
