2426 3900
321 206 661 268 EPIGRAMMATON
675 205 748 267 LlB.
766 207 811 266 lll.

510 411 619 472 XLIV.

128 523 274 582 Occurrit
287 521 345 580 tibi
359 540 449 580 nemo
466 520 547 600 qnod
560 520 713 598 libenter,

125 604 232 684 Quod,
255 609 438 684 quacunque
451 607 554 682 venis,
577 607 649 684 luga
665 615 713 664 est
728 606 783 664 et'
774 624 883 712 ungens

125 691 217 750 Circa
230 696 282 766 te,
302 688 471 766 Ligurine,
493 687 646 766 solitudo,

124 771 207 849 Quid
222 773 279 849 sit,
301 773 382 832 scire
398 773 506 852 cupis?
534 773 630 831 Nimis
644 780 738 852 poeta
752 790 796 836 es.

101 858 194 916 5Hoc
208 855 297 915 valde
310 857 417 914 vitium
430 857 638 936 periculosum
652 864 709 916 est.

124 940 193 1000 Non
207 939 298 1016 tigris
313 939 422 999 catulis
438 941 531 1000 citata
547 941 659 1018 raptis,

124 1023 193 1106 Non
214 1021 317 1102 dipsas
332 1023 435 1083 medio
450 1031 577 1102 perusta
592 1021 675 1100 sole,

124 1107 191 1167 Nec
208 1107 253 1165 sic
269 1109 408 1186 scorpios
422 1109 581 1187 improbus
597 1107 735 1169 timetur.

124 1189 202 1251 Nam
216 1196 338 1266 tantos,
359 1209 453 1269 rogo,
477 1192 545 1269 quis
560 1189 643 1250 ferat
659 1189 805 1250 labores?

86 1275 168 1336 10Et
182 1274 276 1333 stanti
298 1272 378 1352 legis
393 1282 426 1334 et
439 1273 517 1352 legis
533 1273 673 1352 sedenti,

124 1358 272 1419 Currenti
285 1357 364 1436 legis
380 1364 413 1418 et
425 1356 504 1436 legis
519 1359 645 1418 cacanti.

123 1443 158 1501 ln
172 1442 309 1501 thermas
323 1442 423 1520 fugio:
446 1461 536 1516 sonas
552 1440 590 1500 ad
604 1459 719 1502 aurem.

122 1527 277 1584 Piscinam
290 1533 381 1605 peto:
403 1525 554 1586 nonlicet
569 1532 688 1584 natare.

123 1608 175 1669 Ad
189 1627 294 1668 cenam
310 1627 462 1689 propero:
481 1616 572 1668 tenes
587 1616 720 1668 euntem.

83 1692 174 1752 led
189 1709 296 1753 cenam
311 1695 417 1753 venio:
438 1693 526 1770 fugas
542 1692 712 1753 sedentem.

123 1777 237 1837 Lassus
252 1776 387 1836 dormio:
411 1779 540 1837 suscitas
552 1779 714 1837 iacentem.

122 1861 197 1938 Vis,
221 1867 367 1938 quantum
383 1861 477 1921 facias
492 1859 579 1939 mali,
601 1860 733 1921 videre?

123 1944 183 2006 Vir
197 1945 312 2023 iustus,
332 1947 464 2025 probus,
486 1947 635 2004 innocens
649 1943 779 2004 timeris.

519 2085 612 2146 XLV.

121 2197 254 2274 Fugerit
271 2216 308 2256 an
322 2196 467 2254 Phoebus
483 2215 603 2255 mensas
619 2215 786 2276 cenamque
802 2196 960 2274 Thyestae

167 2281 293 2358 lgnoro:
314 2280 447 2358 fugimus
460 2298 535 2357 nos,
557 2279 722 2358 Ligurine,
744 2287 836 2341 tuam.

123 2362 180 2422 llla
195 2363 320 2441 quidem
334 2361 417 2422 lauta
433 2370 481 2422 est
500 2362 692 2463 dapibusque
706 2365 858 2423 instructa
873 2363 1031 2442 superbis,

167 2445 231 2506 Sed
245 2447 324 2506 nihil
338 2448 461 2506 omnino
478 2453 511 2506 te
526 2447 679 2506 recitante
696 2446 810 2527 placet

100 2529 206 2591 5Nolo
221 2532 297 2590 mihi
312 2549 409 2609 ponas
424 2531 571 2591 rhombos
585 2529 750 2592 mullumve
766 2529 925 2606 bilibrem,

166 2614 231 2674 Nec
243 2613 313 2674 volo
329 2613 468 2692 boletos,
491 2621 594 2675 ostrea
612 2614 699 2680 nolo:
721 2622 798 2676 tace.

509 2749 614 2810 XLVI.

125 2857 232 2935 Exigis
247 2877 264 2916 a
278 2858 368 2918 nobis
385 2876 511 2938 operam
525 2860 592 2918 sine
612 2860 676 2918 line
691 2864 834 2937 togatam.

165 2940 235 3000 Non
251 2959 306 3019 eo,
327 2940 475 3002 libertum
491 2941 548 3002 sed
562 2944 620 3001 tibi
634 2944 723 3001 mitto
738 2959 848 3004 meum.

121 3025 214 3103 „Non
233 3025 303 3084 est“
318 3026 423 3104 inquis
437 3025 552 3104 „idem
554 3027 575 3060 ‘⁶
603 3024 704 3086 Multo
719 3025 790 3106 plus
804 3045 873 3086 esse
888 3027 1042 3106 probabo·

164 3107 225 3170 Vix
240 3127 298 3187 ego
312 3107 458 3168 lecticam
476 3111 662 3189 subsequar,
686 3108 743 3170 ille
756 3110 850 3172 ieret.

98 3192 157 3253 51n
176 3193 297 3252 turbam
309 3191 479 3272 incideris,
501 3213 615 3254 cuneos
630 3195 762 3254 umbone
777 3193 930 3274 repellet3

164 3269 334 3336 Invalidum
349 3284 398 3336 est
411 3278 524 3337 nobis
514 3296 741 3380 ingenuumque
755 3276 846 3339 latus.

122 3357 289 3436 Quidlibet
300 3361 334 3419 in
345 3378 440 3420 cansa
452 3363 628 3422 narraveris
636 3363 734 3441 ,ipse
749 3363 875 3420 tacebo.

165 3443 209 3502 rit
223 3443 282 3503 tibi
296 3445 502 3523 tergeminum
516 3447 634 3523 mugiet
646 3443 730 3504 ille
720 3444 842 3523 sophos.
