2528 3876
401 225 527 286 INDEX
539 224 887 287 EPIGRAMMATON.
1099 225 1163 286 349

120 379 171 430 Cui
188 379 286 437 tradas,
301 379 389 443 Lupe,
405 377 487 427 illium
502 379 624 442 magistro
642 409 994 426 ...........
1066 377 1098 434 V,
1119 379 1178 428 56..

124 447 204 498 Culus
221 449 259 497 vis
276 413 345 508 lieri,
364 445 467 506 libelle,
485 461 578 495 munus
618 481 626 494 .
652 481 659 496 .
684 469 711 494 .·
719 478 993 495 .........
1076 445 1119 504 ΙΙΙ,
1137 448 1161 496 2.

122 516 187 566 Gum
204 483 397 566 cathedralicios
415 522 497 580 portet
511 515 559 564 tibi
577 516 639 565 reda
657 516 822 564 ministros.
918 549 923 562 .
952 547 958 560 .
986 547 993 562 .
1069 513 1100 573 X,
1119 514 1161 565 13.

123 583 187 634 Cum
203 584 313 634 clamant
330 597 433 644 omnes,
451 582 562 644 loqueris
576 591 649 643 tunc,
667 582 792 647 Naevole,
808 576 878 632 solus
917 619 923 631 .
952 615 958 629 .
986 617 993 630 .
1073 584 1092 639 I,
1112 581 1155 634 97.

123 652 187 702 Gum
205 653 300 703 coleret
317 667 397 718 puros
413 667 512 716 pauper
528 652 661 702 Telesinus
677 654 773 702 amicos
784 683 993 702 .......
1056 653 1098 709 VI,
1116 653 1160 705 50.

122 719 187 771 Cum
206 736 290 771 comes
305 721 405 771 Aretois
421 721 535 770 haereret
551 719 665 771 Caesaris
681 723 758 771 armis
779 756 785 770 .
810 757 817 769 .
847 755 852 768 .
881 755 887 768 .
917 755 923 768 .
952 753 958 765 .
987 753 993 778 2
1055 721 1100 780 IX,
1118 721 1161 770 31.

122 787 187 840 Cum
203 790 264 840 dare
279 805 330 839 nou
345 790 442 854 possim
458 789 538 852 quod·
542 792 643 854 poscis,
662 787 747 848 Galla,
762 797 895 854 rogantem
917 823 923 838 .
952 821 958 834 .
987 823 992 835 .
1059 789 1100 848 ΙΙΙ,
1116 791 1160 842 54.

121 857 186 908 Cum
203 859 262 908 data
278 859 328 907 sint
346 859 425 920 equiti
435 855 482 907 'his
499 859 575 919 quiue
589 859 849 926 nomismata,quare
882 892 889 907 .
917 892 923 906 .
951 889 957 902 .
986 892 992 904 .
1078 859 1098 918 Ι,
1119 860 1161 908 11.

123 926 188 977 Cum
209 927 309 976 dederis
325 925 424 976 Sinulos
440 926 538 976 mediae
554 927 586 976 de
604 926 712 977 collibus
727 927 822 992 Hyblae
849 962 855 976 .
883 961 890 975 .
917 961 924 974 .
952 958 958 970 ·
987 960 992 972 .
1022 925 1087 984 XIII,
1102 927 1161 981 105.

122 994 190 1045 Cum
207 995 347 1060 depilator,
366 993 483 1054 Chreste,
499 993 583 1044 coleos
598 1003 684 1060 portes
716 1029 888 1046 ......
909 993 923 1043 '.
952 1027 958 1039 ·
986 1029 992 1041 .
1056 995 1100 1053 IX,
1118 997 1161 1046 27.

122 1063 187 1114 Cum
206 1065 270 1114 dicis
286 1066 434 1130 „‚Propero
454 1063 496 1114 fac
513 1063 536 1112 si
551 1063 630 1125 iacis,
633 1065 650 1091 ‘⁴
668 1064 775 1130 Hedyli,
795 1064 922 1129 languet.
952 1096 958 1108 .
987 1098 993 1111 .
1083 1065 1101 1118 Ι,
1118 1064 1161 1116 46.

123 1131 188 1182 Gum
207 1133 263 1182 dixi
278 1101 357 1193 licus,
374 1132 442 1182 rides
462 1133 535 1195 quasi
550 1133 658 1183 barbara
676 1134 753 1183 verba
781 1164 993 1182 .......
1084 1133 1103 1191 Ι,
1118 1134 1161 1185 65.

122 1200 188 1251 Cum
204 1201 332 1251 dubitaret
349 1200 435 1250 adhue
455 1200 515 1250 belli
530 1201 611 1251 civilis
627 1202 724 1267 liny.o
885 1237 891 1250 .
917 1237 923 1249 .
952 1233 957 1245 .
987 1235 992 1247 .
1055 1201 1099 1261 VI,
1117 1203 1159 1253 32.

124 1269 187 1320 Cum
204 1271 254 1320 duo
270 1271 401 1320 venisseut
415 1269 449 1319 ad
463 1268 582 1336 Phyllida
596 1284 669 1319 mane
665 1219 824 1320 yfututum.
917 1305 923 1318 .
951 1302 957 1315 .
987 1305 993 1317 .
1065 1269 1098 1328 Χ,
1116 1271 1160 1323 81.

123 1338 187 1388 Cum
202 1339 284 1389 facins
303 1351 392 1388 versus
407 1337 476 1387 nulla
491 1353 541 1388 non
559 1338 616 1388 luce
636 1337 748 1389 ducenos
786 1370 992 1388 .......
1032 1339 1099 1398 VIII,
1117 1340 1160 1391 20.

122 1407 187 1457 (lum
202 1407 296 1457 faciem
313 1406 405 1467 laudo,
421 1421 479 1456 cum
494 1409 572 1456 miror
587 1423 659 1457 crura
676 1423 856 1471 manusque.
883 1444 889 1456 .
916 1442 922 1455 .
951 1439 957 1452 .
986 1440 993 1456 .
1055 1408 1097 1464 ΙΙΙ,
1118 1410 1160 1460 51.

123 1475 187 1525 Cum
205 1476 276 1528 fleret
294 1475 376 1525 tristis
392 1474 522 1525 solvendis
536 1477 619 1525 auctio
635 1478 747 1525 nummis
783 1512 790 1526 .
816 1511 823 1526 .
848 1513 854 1523 .
882 1511 888 1523 .
916 1511 923 1524 .
951 1507 956 1520 .
986 1511 992 1523 .
1032 1476 1101 1536 XIV,
1118 1477 1159 1529 35.

123 1543 187 1594 Gum
201 1544 299 1605 iutuis,
316 1542 496 1608 Polycharme,
516 1543 584 1594 soles
599 1545 626 1593 in
639 1543 689 1594 line
706 1559 792 1594 cacare
816 1580 823 1595 .
850 1580 856 1592 .
882 1581 888 1592 .
916 1577 923 1593 ·
951 1575 957 1588 -
986 1579 992 1592 .
1054 1544 1099 1604 IX,
1116 1545 1160 1597 69.

123 1612 186 1662 Cum
201 1609 287 1678 gravis
306 1620 434 1663 extremas
451 1612 574 1662 Vestinus
593 1613 694 1663 duceret
708 1613 785 1663 horas
818 1649 825 1663 .
851 1649 857 1662 .
883 1649 889 1661 .
916 1648 922 1661 .
951 1644 957 1656 ·
986 1649 992 1660 .
1057 1613 1100 1670 IV,
1117 1615 1160 1666 73.

123 1680 315 1733 Gumluvenale
330 1696 387 1746 tneo
406 1696 472 1744 quae
487 1696 529 1731 me
544 1683 698 1732 committere
715 1690 855 1748 temptas.
916 1717 922 1728 .
951 1714 956 1726 ·
986 1718 991 1730 .
1045 1681 1099 1740 VII,
1117 1685 1159 1734 at.

124 1749 187 1799 Cum
205 1765 245 1800 me
263 1757 393 1815 captares,
413 1751 530 1799 mittebas
546 1765 651 1800 munera
670 1752 742 1800 nobis
781 1787 787 1801 .
815 1787 822 1802 .
850 1787 857 1800 .
882 1786 890 1799 .
916 1786 921 1799 .
951 1781 956 1794 ·
985 1787 991 1798 .
1052 1750 1097 1808 IX,
1117 1752 1160 1804 88.

123 1817 186 1867 ilum
202 1835 243 1869 me
257 1821 319 1879 ficus
334 1818 400 1878 alat,
417 1833 475 1868 cum
491 1833 583 1883 pascar
598 1819 712 1870 dulcibus
730 1823 822 1870 uvis.
916 1855 921 1868 .
951 1853 956 1865 ·
986 1856 991 1869 .
1034 1819 1101 1882 XIII,
1117 1821 1160 1872 49.
1258 1810 1260 1869 l

124 1886 187 1936 Gum
200 1903 242 1939 me
256 1889 324 1940 velle
341 1887 414 1938 videa
428 1895 587 1950 tentumque,
603 1884 772 1954 Telesphoro,
792 1854 891 1940 sentis.
916 1925 922 1938 .
951 1923 957 1936 .
985 1927 991 1938 .
1056 1891 1101 1948 XI,
1117 1891 1160 1942 58.

124 1953 188 2004 Gum
205 1972 305 2008 mensas
320 1957 412 2006 habeat
425 1956 479 2006 fere
494 1964 618 2005 trecentas
647 1990 991 2009 ...........
1049 1959 1104 2016 VII,
1118 1960 1151 2009 48
1201 1955 1203 1960 ’

125 2022 188 2072 ilum
204 2026 266 2074 mihi
282 2025 362 2077 boleti
380 2025 494 2074 dederint
509 2033 561 2074 tam
576 2026 792 2077 nobilenomen.
916 2062 922 2075 .
951 2059 957 2072 ·
986 2063 991 2074 .
1015 2027 1084 2088 XIV,
1101 2028 1160 2078 101.

125 2091 186 2142 Cum
202 2095 282 2143 mittis
298 2094 432 2146 turdumve
448 2092 510 2143 mihi
530 2095 684 2158 qrmdramve
700 2095 853 2160 placentae.
882 2132 889 2144 .
916 2131 921 2142 .
951 2128 957 2141 ·
985 2129 993 2145 .
1058 2095 1100 2149 Vl.
1118 2099 1160 2147 75.

124 2160 186 2212 Gum
201 2169 298 2230 peteret
314 2165 400 2214 dulces
416 2164 500 2213 audax
517 2164 648 2214 Leandros
667 2179 766 2214 amores
789 2201 795 2214 .
822 2201 828 2214 .
852 2201 859 2216 .
885 2200 891 2212 .
916 2199 922 2211 .
951 2194 958 2208 ·
986 2199 992 2212 .
1017 2164 1067 2225 Ep.
1083 2165 1160 2222 snb.

124 2232 185 2281 Cum
198 2241 294 2298 peteret
304 2247 364 2298 pars
373 2232 438 2282 haec
449 2231 587 2297 Myrinum
604 2248 664 2296 pars
676 2233 719 2282 illa
730 2232 922 2299 Triumphum.
951 2265 957 2276 ·
985 2269 991 2280 .
1050 2232 1102 2294 Ep.
1119 2233 1161 2284 20,

124 2299 187 2350 (ium
206 2310 303 2366 peteret
318 2302 415 2367 patriae
431 2302 559 2350 missicius
573 2315 634 2352 arva
651 2303 821 2352 Ravennae.
916 2337 922 2350 .
951 2334 956 2345 ·
985 2337 991 2348 .
1059 2301 1100 2360 III,
1116 2301 1159 2356 91.
1247 2340 1248 2349 .

124 2367 185 2418 Cum
200 2378 298 2435 peteret
310 2385 397 2438 regem
413 2369 518 2434 decepta
533 2369 643 2419 satellite
658 2371 746 2420 dextra
779 2402 991 2420 .......
1082 2371 1102 2428 Ι,
1118 2372 1161 2420 21.

125 2437 188 2487 Gum
203 2447 300 2504 peteret
315 2453 398 2489 seram
414 2439 520 2488 media
513 2454 565 2487 ram
579 2447 653 2488 nocte
670 2438 851 2488 matellam..
916 2474 922 2486 .
950 2470 956 2482 ·
985 2474 990 2486 .
1056 2439 1100 2497 Vl,
1117 2438 1162 2489 89.

125 2505 187 2556 Cum
203 2509 307 2574 pinguis
323 2507 387 2558 mihi
403 2514 486 2557 turtur
499 2509 559 2567 erit,
577 2507 674 2558 lactuca
689 2507 821 2558 valebis.
915 2543 922 2555 .
950 2539 956 2550 ·
984 2542 992 2556 .
1032 2506 1099 2567 XIII,
1117 2507 1159 2558 53.

124 2573 187 2624 Gum
202 2576 303 2641 placeat
317 2576 431 2626 Phileros
445 2583 498 2626 tota
516 2543 563 2626 tibi
581 2577 639 2626 dote
656 2576 856 2641 redemptus.
916 2612 922 2625 .
951 2608 956 2620 ·
984 2575 1009 2624 .’
1067 2575 1098 2634 Π,
1116 2574 1160 2626 34.

125 2641 187 2693 Cum
203 2645 305 2710 pluvias
323 2644 509 2708 madidumque
521 2646 607 2696 Iovem
623 2643 737 2710 perferre
750 2653 887 2711 negaret.
915 2680 921 2692 .
951 2676 957 2689 .
984 2681 990 2693 .
1048 2613 1103 2704 Vll,
1118 2645 1161 2694 36.

126 2710 188 2761 Cum
203 2721 276 2778 potes
288 2714 470 2778 amethystinos
489 2715 592 2763 trientes
610 2744 990 2764 ............
1064 2713 1098 2771 X,
1113 2712 1159 2764 49.
1237 2713 1239 2739 ³

125 2779 188 2832 (lum
202 2797 265 2848 rogo
276 2790 427 2832 tenummos
440 2797 494 2830 sme
508 2783 644 2848 pignore„
647 2796 707 2842 nou
720 2779 830 2843 habeo
844 2783 957 2846 inquis
1045 2780 1099 2841 ΧΠ,
1118 2783 1161 2832 25.

125 2847 187 2899 Cum
202 2849 322 2901 Saxetani
335 2857 444 2916 ponatur
461 2850 542 2900 cauda
557 2850 645 2900 lacerti
683 2881 990 2900 ..........
1049 2851 1104 2908 VII,
1117 2851 1159 2902 78.

125 2917 188 2967 Gum
200 2935 261 2969 seue
279 2933 436 2970 communem
453 2926 526 2969 vexat
543 2920 623 2982 spado
639 2919 780 2986 Dindymus
794 2920 957 2985 Aeglen.
985 2957 990 2970 .
1057 2919 1102 2978 XI,
1117 2919 1161 2969 81.

125 2984 187 3034 Cum
206 2990 341 3053 sexaginta
359 2995 473 3036 numeret
488 2985 626 3038 Cascellius
644 3003 723 3038 annos
752 3019 990 3038 ........
1061 2956 1116 3046 Vll
1134 2987 1160 3040 9.
1231 3040 1232 3049 ,

125 3053 188 3103 Gum
206 3058 256 3106 sint
270 3071 344 3106 crura
357 3057 418 3120 tibi,
439 3055 557 3104 simulent
571 3071 634 3119 quae
653 3071 747 3106 cornua
761 3056 890 3107 lunae..
950 3089 957 3102 ·
984 3095 989 3106 .
1068 3058 1098 3116 II,
1117 3055 1159 3106 35.

125 3121 187 3172 Cum
204 3127 241 3174 sie
259 3127 318 3191 Ipsa
333 3125 401 3174 domi
415 3124 549 3188 mediaque
566 3140 656 3176 ornere
671 3125 771 3192 Subura
781 3157 990 3176 .......
1053 3124 1097 3183 IX,
1118 3123 1161 3174 37.
1229 3128 1230 3139 ’

125 3190 187 3241 Gum
206 3195 242 3244 sis
256 3209 303 3243 nec
317 3194 403 3259 rigida
417 3193 550 3243 Fabiorum
567 3203 641 3260 gente
657 3185 755 3244 creatus
784 3227 1096 3250 ........
1053 3193 1159 3244 Vidn.
1228 3190 1229 3213 l

125 3258 187 3310 Cum
203 3264 240 3312 sis
258 3270 308 3312 tam
323 3276 435 3344 pauper,
450 3278 526 3326 quarn
540 3262 752 3313 neomiserabilis
767 3265 853 3313 Irus.
950 3296 956 3308 .
984 3300 990 3312 .
1042 3263 1103 3321 VI,
1120 3263 1161 3312 77.
1225 3280 1227 3299 ι

125 3327 188 3379 Cum
204 3332 239 3381 sit
254 3346 317 3381 anns
331 3333 441 3381 coniunx
457 3340 481 3382 et
494 3333 545 3381 siut
558 3333 605 3381 tibi
619 3344 719 3382 mortua
736 3332 885 3382 membra.
983 3332 1097 3394 ,ΧΙΠ,
1119 3329 1162 3381 34.

125 3397 188 3446 Cum
207 3399 262 3449 sitis
277 3400 374 3450 similes
388 3415 514 3465 paresque
527 3401 580 3450 vita
620 3433 989 3452 ............
1031 3401 1095 3458 VIII,
1118 3399 1161 3449 35.
1222 3460 1223 3471 γ

125 3464 187 3515 Cum
200 3470 298 3518 steterit
312 3468 397 3518 nullus
415 3469 484 3518 voltu
504 3470 549 3518 tibi
569 3469 633 3519 talus
650 3470 739 3519 eodem
779 3502 989 3519 .......
1028 3468 1096 3528 XIV,
1118 3468 1150 3518 li
