2426 3900
1197 85 1200 160 l

319 209 660 312 urrammma'rop
675 211 750 294 ιιι.
763 211 811 272 ιιι.
1047 213 1091 278 aa
1199 163 1200 252 i

533 411 610 473 Xlll.

131 525 211 586 llum
225 543 289 585 nou
303 525 350 584 via
362 523 482 603 pisces,
505 521 575 582 dum
590 541 652 582 nou
667 523 713 582 vis
729 540 858 602 carpere
872 521 974 602 pallor

171 609 213 668 Et
227 605 298 687 plus
313 625 402 685 quam
416 607 517 685 putri,
539 606 669 683 Naevia,
689 607 791 684 parcis
806 626 898 686 apro,

128 691 264 753 Accusas
277 689 457 770 rumpisque
475 708 597 767 cacum,
619 696 763 768 tanquam
777 691 878 750 amaia
893 689 988 766 cruda

172 773 335 835 Attulerit.
363 772 523 851 Nunquam
540 775 583 833 sic
599 791 658 851 ego
673 773 785 833 crudus
800 789 863 834 ero.

450 899 604 996 ¹iilv.
760 951 852 1000 ef

127 1048 256 1109 Romam
271 1048 399 1127 petebat
413 1047 550 1105 esuritor
564 1046 700 1106 Tucciae

172 1130 337 1190 Profectus
352 1147 390 1189 ex
406 1129 563 1208 Hispania.

127 1214 274 1274 Occurrit
287 1211 336 1272 illi
350 1211 559 1291 sportularum
573 1210 693 1272 fabula:

170 1298 198 1357 A
212 1302 308 1376 ponte
324 1294 420 1355 rediit
432 1294 560 1356 Mulvio.

530 1453 598 1519 XV.

126 1583 205 1644 Plus
223 1582 325 1644 credit
338 1603 429 1644 uerno
445 1605 533 1664 quam
548 1592 614 1646 tata
629 1583 749 1646 Cordus
763 1586 796 1644 iu
810 1587 895 1646 urbe.

172 1668 272 1747 „ilum
288 1669 329 1728 sit
344 1673 406 1728 tam
420 1687 554 1747 pauper,
579 1667 776 1747 quomodo?“
805 1669 922 1729 Caecus
938 1676 1026 1731 amat.

524 1828 605 1893 llVl.

125 1941 189 2001 Das
205 1939 410 2020 gladiatores,
432 1949 570 2002 sutorum
584 1941 712 2021 regule,
734 1942 846 2022 cerdo,

172 2023 323 2102 Quodque
337 2027 395 2085 tibi
410 2026 521 2085 tribuit
537 2025 660 2103 subula,
682 2026 744 2086 sica
757 2027 849 2106 rapit.

125 2109 241 2168 Ebrius
256 2126 306 2167 es:
326 2126 429 2188 neque
444 2107 662 2169 euim'facerea
677 2110 738 2168 hcc
750 2111 872 2170 sobrius
891 2129 1044 2189 unquam,

170 2191 213 2250 Ut
226 2189 323 2251 velles
339 2193 424 2252 corio
437 2180 564 2268 ludere,
586 2191 698 2268 cerdo,
719 2198 782 2253 tao.

98 2273 245 2336 5Lusisti
259 2275 359 2334 corio:
381 2273 437 2334 sed
451 2282 500 2354 to,
522 2276 597 2334 milri
612 2274 724 2350 creda,
745 2281 899 2334 memento

171 2355 259 2417 Nuuc
273 2359 306 2417 iu
314 2355 484 2438 pellicula,
508 2357 620 2435 cerdo,
642 2363 753 2416 tenere
769 2362 828 2416 tua.

518 2520 612 2582 XVII.

127 2647 314 2708 Circumlata
332 2647 385 2709 diu
398 2651 513 2709 menois
527 2648 666 2709 scriblita
681 2644 824 2706 secundia

169 2730 288 2790 Urebat
302 2733 396 2792 nimio
413 2751 501 2792 saeva
517 2732 620 2792 calore
635 2750 757 2804 manus;

126 2811 192 2875 Sed
208 2815 302 2892 magis
315 2814 445 2875 ardebat
459 2814 565 2875 Sabidi
580 2813 665 2893 gula:
686 2814 826 2892 protinus
842 2829 916 2889 ergo

170 2896 311 2957 Sufflavit
325 2900 430 2958 buccis
446 2906 558 2978 terque
575 2904 744 2977 quaterque
759 2895 830 2955 suis.

97 2979 186 3046 eilia
201 2979 325 3060 quidem
341 2983 444 3061 tepuit
458 2981 634 3061 digitosque
650 2978 814 3039 admittere
830 2977 894 3036 visa
909 2981 974 3054 est,

169 3064 232 3123 Sed
246 3083 337 3124 nemo
352 3067 454 3145 potuit
467 3071 614 3144 tangere:
637 3060 743 3122 merda
757 3061 825 3121 fuit.

509 3226 617 3287 XVlll.

121 3336 312 3398 Perfrixisse
327 3345 395 3397 tuas
412 3345 519 3417 questa
532 3344 581 3397 est
594 3337 745 3417 praefatio
761 3293 879 3398 fauces:

168 3420 246 3481 Cum
260 3428 293 3481 te
309 3423 481 3502 excusaris,
503 3422 653 3500 Maxime,
675 3419 749 3498 quid
763 3417 900 3476 recitas?
