2392 3888
295 167 849 278 ariosamnauosaia.'v11.'
1004 214 1067 278 105

109 360 158 421 Ne
174 360 387 420 succensueris
401 361 485 422 velut
500 365 644 444 superbo.

111 443 161 504 Tc
177 463 234 524 pro
250 443 384 503 Caesare
399 442 498 505 debeo
509 439 640 525 'rogarer

110 527 171 587 Pro
187 545 236 588 me
250 525 350 586 debeo
366 527 529 590 Gaesarem
544 550 664 610 rogare.
712 549 720 558 ‘

508 690 584 751 LXI.

109 795 290 858 Abstulerat
304 804 399 860 totam
414 805 596 863 temerarius
611 804 736 862 institor
749 806 858 864 urbem

152 880 249 958 Inque
262 901 317 942 suo
332 883 574 946 nullumlimine
586 884 683 946 limen
698 892 774 949 crat.

107 963 226 1024 Iussisti
241 971 367 1046 tenues,
390 970 590 1047 Germanice,
612 988 755 1030 crescere
770 972 869 1050 vicos,

149 1047 191 1107 Et
205 1048 296 1108 modo
313 1070 391 1129 qnae
405 1052 508 1112 iuerat
523 1053 648 1132 semita,
668 1053 750 1113 facta
764 1055 812 1113 via
827 1061 884 1116 est.

86 1129 201 1195 bNulla
216 1135 365 1194 catenatis
378 1135 441 1216 pila
456 1145 505 1197 est
518 1138 696 1216 praecincta
708 1135 844 1216 lagonis,

147 1214 214 1274 Nec
229 1222 356 1295 praetor
370 1219 472 1280 medio
488 1222 608 1298 cogitur
621 1222 669 1280 tre
683 1218 769 1296 luto;

107 1299 279 1377 Stringitur
295 1302 327 1360 ln
343 1300 438 1365 densa
452 1323 510 1364 nec
526 1321 617 1364 caeca
629 1303 776 1364 novacula
789 1307 895 1383 turba,

149 1382 287 1464 Occupat
299 1393 351 1446 aut
365 1394 445 1448 totas
460 1389 548 1467 nigra
563 1389 676 1467 popina
690 1389 763 1449 vias.

106 1466 251 1545 Tonsor,
273 1487 367 1550 copo,
389 1490 497 1548 cocus,
517 1470 616 1531 lanius
631 1491 683 1530 ana
697 1469 950 1534 limina-servant.

63 1561 98 1615 10
147 1550 236 1610 Nunc
249 1550 345 1613 Iloma
359 1561 422 1632 cst,
444 1573 543 1634 nuper
557 1573 665 1634 magna
678 1556 807 1614 taberna
819 1554 888 1615 fuit.

506 1715 595 1776 LXII.

104 1826 248 1889 Reclusis
262 1827 381 1888 foribus
397 1827 528 1907 grandes
543 1828 695 1909 persidis,
716 1827 849 1908 Amffle,

146 1913 189 1973 st
203 1918 236 1972 te
251 1910 421 1992 deprendi,
441 1933 509 1973 cuna
523 1913 601 1973 facis
616 1913 691 1990 ista,
710 1913 812 1993 cupis,

103 1997 151 2057 Ne
168 1995 241 2075 qnid
255 1994 365 2056 liberti
378 2002 508 2057 narrent
526 1998 670 2076 servique
683 1997 805 2076 paterni

146 2081 189 2139 Et
206 2081 295 2158 niger
309 2078 435 2159 obliqua
449 2078 631 2159 garrulitate
645 2079 752 2143 cliens.

81 2164 175 2226 5Non
188 2162 344 2243 predicari
359 2182 392 2223 se
409 2167 620 2243 quaternam,
642 2161 771 2241 Amille,

148 2243 230 2307 Illud
244 2265 336 2328 saepe
351 2247 442 2326 iacit,
465 2245 547 2326 quod
562 2248 629 2306 siue
644 2252 726 2306 teste
740 2246 823 2305 iacit.

485 2407 589 2468 LXIII.
899 2413 921 2448 0

104 2519 254 2598 Perpetui
268 2538 421 2598 nunquam
435 2523 584 2581 moritura
598 2518 751 2580 volumIna
767 2517 825 2578 Sili

148 2603 208 2678 Qui
221 2601 302 2681 legis
316 2611 348 2662 et
362 2603 449 2663 Latia
463 2605 597 2664 carmina
611 2603 702 2682 digna
716 2610 804 2681 toga,

105 2686 227 2746 Pierios
240 2692 359 2747 tantum
372 2687 434 2747 vati
449 2685 603 2766 placuisse
617 2705 759 2747 recessus

147 2769 258 2830 Credis
275 2776 307 2830 et
320 2770 438 2830 Aoniae
453 2772 602 2831 Bacchica
612 2776 700 2842 ,serta
714 2770 839 2829 comae?

77 2852 199 2916 asama
214 2854 389 2914 cothurnati
402 2873 465 2914 non
481 2857 585 2931 attigit
597 2861 668 2913 aute
683 2852 839 2928 Maronia,

149 2937 292 3017 Implevit
306 2938 407 3016 magni
422 2957 511 3017 quam
526 2939 686 2998 Ciceronis
702 2954 786 3016 opus.

104 3021 196 3081 Hunc
210 3023 338 3081 miratur
353 3020 454 3080 adbuc
469 3028 593 3081 centum
606 3020 706 3099 gravis
720 3019 808 3080 basta
823 3019 974 3097 virorum,

146 3103 236 3164 Hunc
249 3101 388 3184 loquitur
401 3111 488 3184 grato
503 3104 651 3185 plurimus
667 3121 722 3163 ore
739 3100 848 3163 cliens.

102 3188 270 3266 Postquam
281 3190 329 3248 bis
343 3190 426 3248 senis
440 3191 597 3267 ingentem
612 3188 746 3249 fascibus
761 3205 872 3246 annum

55 3283 95 3337 10
142 3271 293 3349 iterent,
316 3279 435 3332 asserto
450 3273 502 3350 qui
515 3291 603 3333 sacer
618 3273 694 3332 orbe
707 3271 783 3347 fuit,
843 3337 845 3344 ,
915 3333 923 3348 ,

102 3355 260 3418 Emeritos
276 3355 375 3416 Musis
390 3361 424 3416 et
437 3356 564 3418 Phoebo
578 3353 708 3416 tradidit
723 3371 833 3429 annos,

37 3437 43 3448 '
145 3438 271 3517 Proque
287 3458 341 3499 suo
364 3437 503 3500 celebrat
515 3458 597 3499 nnnc
610 3436 763 3498 Helicona
777 3436 855 3496 foro.
