2500 3912
201 169 240 230 26
531 180 566 226 n.
589 179 660 225 run.
684 177 871 225 ruvunnms

200 321 316 381 Instruit
339 337 410 397 ergo
434 319 529 378 locum
553 319 718 396 provincia:
743 319 862 377 sumitur
883 317 963 378 illinc

201 403 286 479 Quod
310 413 443 482 captator
464 411 538 462 emat
552 402 674 477 Laenas,
688 400 807 461 Aurelia
830 403 946 463 vendat.

198 489 315 548 Virroni
338 505 472 548 muraena
496 485 596 562 datur,
624 503 700 564 quae
720 487 843 546 maxima
864 479 963 546 venit

200 571 379 649 Gurgitede
401 571 516 638 Siculo;
540 588 605 630 nam
627 571 693 629 dum
717 588 750 629 se
773 571 901 631 continet
925 571 1044 648 husten,

199 656 273 717 Dum
298 658 383 716 sedet
405 665 435 715 et
457 657 548 716 siccat
569 654 697 713 madidas
721 656 748 712 in
771 672 892 714 carcere
916 656 1027 748 pinnas,

200 738 392 801 Contemnunt
414 739 536 799 mediam
557 739 712 798 temeraria
735 739 792 798 lina
815 735 1003 814 Charybdim:

199 825 262 885 Vos
284 823 410 901 anguilla
433 831 529 882 manet
551 823 657 898 longae
679 830 805 900 cognata
828 823 980 899 colubrae,

201 910 258 970 hut
280 908 377 986 glacie
399 925 537 987 aspersus
561 905 859 966 maculisdiberinus
883 910 997 986 etipse

200 993 328 1054 Vernula
350 994 492 1072 riparum,
517 991 633 1071 pinguis
661 999 791 1052 torrente
815 991 917 1051 cloaca

200 1079 238 1140 Et
260 1077 364 1137 solitus
386 1077 500 1136 mediae
526 1085 657 1154 cryptam
680 1083 837 1154 penetrare
863 1075 1004 1135 Suburae.

242 1161 302 1240 lpsi
328 1179 420 1239 pauca
442 1159 544 1235 velim,
569 1160 687 1220 facilem
710 1161 734 1218 si
756 1158 898 1238 praebeat
921 1177 1033 1219 aurem:

199 1245 291 1306 Nemo
315 1246 402 1323 petit,
427 1243 548 1302 modicis
573 1259 648 1321 quae
671 1241 857 1303 mittebantur
879 1244 977 1304 amicis

199 1329 226 1388 Α
249 1329 382 1404 Seneca,
407 1345 481 1406 quae
505 1326 572 1386 Piso
596 1325 705 1401 bonus,
730 1345 805 1405 quae
830 1325 916 1388 Cotta
939 1325 1057 1387 solebat

199 1413 326 1490 largiri;
353 1429 476 1489 namque
502 1419 531 1470 et
552 1408 641 1470 titulis
665 1420 694 1470 et
716 1410 845 1470 fascibus
869 1411 936 1472 olim

199 1497 292 1557 lllaior
314 1494 476 1556 habebatur
497 1493 621 1555 donandi
647 1495 757 1572 gloria:
782 1495 875 1555 solum
1224 1553 1225 1580 p

198 1575 420 1656 Posuimus‚'nt
443 1597 554 1660 coenes
577 1579 715 1646 civiliter;
762 1579 819 1639 hoc
841 1581 908 1640 face
932 1589 961 1639 et
984 1587 1060 1654 estc,
1224 1619 1225 1630 i

199 1664 287 1742 Esto,
312 1673 343 1723 ut
365 1682 441 1724 nunc
460 1663 559 1739 multi,
583 1662 665 1723 dives
688 1662 754 1738 tibi,
777 1681 891 1743 pauper
916 1663 1030 1730 amicis!
1151 1659 1155 1666 '

243 1749 364 1808 Anseris
389 1757 455 1808 aute
479 1749 572 1826 ipsum
593 1750 688 1825 magni
712 1749 808 1824 iecur,
834 1746 985 1807 anseribus
1007 1765 1061 1825 par

201 1833 298 1893 Altilis
322 1842 352 1892 et
373 1832 439 1892 llavi
462 1831 564 1908 dignus
587 1831 674 1891 ferro
690 1831 831 1909 Meleagri

199 1918 300 1979 Fumat
321 1933 407 1996 aper;
433 1914 599 1994 posthunc
622 1917 771 1976 tradentur
794 1915 913 1993 tubera,
936 1917 961 1974 si
982 1933 1034 1976 ver

201 2002 282 2062 Tunc
306 2003 361 2061 erit
396 2010 427 2060 et
456 2000 564 2060 facient
586 2009 684 2078 optata
706 2001 830 2061 tonitrua
856 2017 964 2076 octenas

199 2085 337 2147 Maiores.
383 2083 448 2146 Tibi
470 2083 546 2144 habe
570 2083 757 2161 frumentum,
782 2083 916 2145 Alledius
939 2085 1039 2162 inquit,

201 2169 349 2246 otiosa
375 2169 507 2246 disiunge
531 2166 643 2243 boves,
667 2165 732 2230 dum
755 2167 857 2229 tubera
882 2167 1047 2228 mittas!-

200 2257 380 2315 Structorem
405 2255 533 2330 interea,
556 2271 592 2313 ne
615 2271 671 2331 qua
695 2253 852 2329 indignatio
876 2253 961 2328 desit,

200 2340 358 2400 Saltantem
381 2348 499 2417 spectes
520 2347 549 2398 et
570 2337 787 2406 chironomunta
809 2337 918 2396 volanti

201 2422 350 2498 (labello,
377 2423 472 2483 donec
496 2431 617 2500 peragat
640 2423 746 2482 dictata
767 2422 898 2499 magistri

200 2505 316 2573 Omnia3
339 2522 394 2564 nee
417 2507 532 2563 minimo
555 2523 626 2566 sane
648 2505 812 2564 discrimine
834 2505 936 2579 relert,

200 2589 265 2663 Quo
286 2598 371 2665 gestu
394 2588 515 2666 lepores
538 2597 567 2646 et
590 2605 647 2664 quo
669 2589 777 2666 gallina
800 2597 927 2649 secetur.

199 2672 324 2733 Duceris
346 2672 461 2751 planta,
483 2671 564 2731 velut
587 2673 661 2732 ictus
684 2672 720 2732 ab
739 2673 867 2734 Hercule
893 2671 998 2749 Cacus,
1143 2683 1193 2734 125

199 2755 236 2818 llt
258 2773 369 2834 ponere
391 2756 480 2831 loris,
508 2758 532 2815 si
555 2756 622 2836 quid
647 2760 835 2836 temptaveris
859 2775 992 2836 umquam

199 2839 336 2916 Hiscere,
359 2850 501 2920 tamquam
523 2839 633 2900 habeas
658 2844 710 2901 tria
731 2844 854 2902 nomina.
901 2840 1021 2917 Quando
1044 2840 1184 2919 propinat

198 2924 285 2983 Virro
307 2924 358 2983 tibi
384 2925 506 2984 sumitve
529 2926 584 2985 tuis
609 2935 741 2986 contacta
762 2925 879 2987 labellis

198 3004 329 3068 Pocula?
353 3011 417 3086 quis
438 3017 566 3068 vestrum
590 3013 762 3070 temerarius
783 3029 876 3089 usque
899 3010 990 3087 adeo,
1014 3011 1078 3088 quis

199 3092 348 3167 Perditus‚
374 3101 404 3152 ut
427 3092 503 3152 dicat
525 3095 605 3171 regi:
628 3093 719 3154 bibe?
762 3095 887 3156 Plurima
907 3102 987 3170 sunt,
1014 3111 1088 3172 quae
1141 3103 1195 3156 130

198 3175 263 3235 Non
286 3177 392 3238 audent
415 3175 546 3236 homines
568 3188 686 3256 pertusa
709 3179 809 3240 dicere
832 3180 932 3247 laena;

199 3258 414 3338 Quadringenta
436 3261 486 3320 tibi
508 3263 534 3320 si
558 3264 621 3340 quis
644 3261 716 3322 deus
740 3271 788 3324 aut
809 3263 910 3323 similis
931 3262 975 3322 dis

198 3342 236 3402 Et
258 3344 362 3404 melior
384 3345 451 3404 fatis
473 3343 595 3404 donaret
614 3345 783 3424 homuncio,
812 3356 935 3426 quantus

198 3426 243 3486 Ex
266 3428 520 3506 nihilo‚.quantns
545 3429 632 3490 fieres
655 3429 788 3490 Virronis
812 3429 936 3490 amicus!

197 3511 241 3570 Da
264 3510 386 3572 Trebio!
410 3529 487 3587 pone
509 3514 545 3573 ad
567 3513 716 3588 Trebium!
739 3515 783 3587 uis
805 3513 897 3571 irater
915 3513 951 3572 ab
973 3513 1044 3590 ipsis
1146 3523 1195 3574 135
