2474 3906
331 210 612 270 EPIGRAMMA'I
615 211 670 270 ΟΝ
684 210 813 277 LIBER.
834 272 838 284 ,
1069 213 1090 278 5

401 404 405 408 .
500 363 589 442 xm,
611 363 640 423 o.

134 483 272 546 Venerat
285 482 434 560 Europen
449 481 586 541 fraterna
599 500 657 560 per
672 500 805 562 aequora
820 490 942 544 taurus:

177 568 220 625 At
235 585 316 625 nunc
329 564 462 626 Alciden
477 572 582 624 taurus
597 567 629 623 in
644 572 726 625 astra
740 565 821 628 tulit.
940 561 949 586 ²

135 651 277 712 Caesaris
293 655 385 728 atque
399 649 478 708 Iovis
493 649 601 708 confer
615 667 711 728 nunc,
728 651 823 728 fama,
845 653 1004 712 iuvencos:

178 734 238 792 Par
253 752 329 792 onus
343 739 377 791 ut
392 731 539 808 tulerint,
561 731 650 792 altius
665 734 724 792 istc
740 732 822 794 tulit.

525 865 617 928 XVII.

135 978 225 1056 Quod
240 979 308 1059 pius
323 983 356 1037 et
370 977 501 1058 supplex
515 976 706 1057 elephante,
729 979 858 1057 Caesar,
879 979 987 1039 adorat

93 1139 96 1144 Ι
178 1063 238 1123 Hic
253 1061 344 1122 modo
360 1064 413 1140 qui
430 1071 518 1121 tauro
535 1070 596 1120 tam
613 1061 796 1122 metuendus
812 1069 895 1139 erat,

135 1149 203 1207 Non
216 1147 292 1206 facit
306 1147 365 1205 hoc
381 1146 482 1205 iussus
496 1143 646 1225 nulloque
661 1145 794 1206 docente
809 1149 970 1225 magistro:

177 1229 280 1292 Crede
294 1230 385 1309 mihi,
406 1236 544 1290 nostrum
559 1231 655 1290 scutit
670 1237 702 1290 et
715 1228 771 1291 ille
787 1229 886 1292 deum.

514 1363 621 1426 XVIII.

134 1479 286 1540 Lambere
305 1482 406 1540 securi
422 1479 560 1539 dextram
577 1486 724 1538 consueta
736 1480 873 1558 magittri

177 1564 205 1622 T
208 1565 283 1642 Igris
296 1565 332 1622 ab
347 1564 493 1642 Hyrcano
508 1561 605 1641 gloria
620 1584 689 1622 rara
704 1565 792 1640 iugo,

133 1649 232 1708 Saeva
246 1648 347 1708 ferum
358 1646 468 1706 rabido
484 1646 633 1706 laceravit
648 1645 741 1706 dente
755 1645 895 1706 leonem:

176 1733 239 1791 Res
254 1750 432 1809 nova„non
446 1730 517 1790 ullis
533 1732 654 1808 cognitu
668 1732 868 1811 temporibus.
953 1781 956 1788 ,

111 1819 218 1877 uAusa
233 1822 282 1874 est
295 1814 359 1874 talc
372 1813 466 1893 nihil,
489 1814 572 1874 silvis
591 1814 662 1874 duur
676 1815 751 1875 vixit
763 1817 796 1873 iu
811 1812 898 1874 altis:

176 1901 343 1979 Postquam
357 1901 440 1959 iuter
455 1918 511 1958 nos
527 1906 590 1975 est,
611 1897 682 1979 plus
697 1899 832 1958 feritatis
847 1899 950 1959 habet.

528 2032 605 2094 XIX.

134 2147 192 2222 Qui
208 2143 298 2204 modo
313 2163 371 2224 per
387 2152 481 2205 totam
495 2147 623 2205 flammis
638 2143 810 2204 stimulatus
825 2146 970 2207 harenam

176 2227 353 2289 Sustulerat
367 2236 470 2309 ruptas
484 2237 589 2289 taurus
606 2231 638 2288 in
654 2227 839 2308 astra'pilau,

132 2314 285 2372 Occubuit
300 2312 424 2372 tandem
435 2333 531 2373 cornu
544 2314 668 2392 potiore
681 2314 813 2393 petitur,

175 2398 253 2456 Dum
267 2395 391 2456 facilem
408 2394 479 2456 tolli
495 2399 539 2457 sic
555 2394 719 2475 elephanta
733 2402 830 2474 putat.

532 2529 599 2592 XX.

132 2643 209 2703 Cum
223 2649 349 2722 peteret
362 2662 432 2722 pars
447 2644 523 2702 haec
535 2643 702 2722 Myuiuum,
717 2659 789 2721 pars
805 2639 859 2701 iIlu
874 2641 1086 2720 Triumphum,

174 2726 321 2786 Promisit
336 2728 455 2806 puriter
469 2728 583 2787 Caesar
597 2733 727 2804 utraque
741 2745 840 2788 manu.

130 2811 200 2869 Non
215 2811 318 2890 potuit
331 2808 441 2870 melius
453 2808 540 2870 lItem
557 2811 647 2870 linire
662 2809 805 2868 iocorum.

174 2893 201 2954 0
217 2893 307 2954 dulce
322 2895 427 2954 invicti
442 2895 591 2974 priuprIs
605 2892 776 2972 ingenium!

526 3027 605 3087 XXI.

130 3140 290 3220 Quidquid
303 3142 336 3201 In
351 3141 478 3219 Orpheo
492 3138 647 3218 Rhodope
658 3145 816 3218 spectatae
830 3139 953 3198 theatro

173 3227 309 3303 Dicitur,
331 3224 486 3300 exhibuit,
509 3224 638 3300 Caesar,
659 3223 775 3282 harena
788 3223 856 3284 tibi,

128 3309 310 3388 ltepserunt
325 3307 443 3389 scopuli
459 3306 657 3386 mirandaque
671 3305 747 3366 sllva
761 3305 913 3382 cucurrit,

173 3391 272 3468 Quale
286 3393 383 3453 Iniere
400 3411 507 3452 nemus
523 3391 661 3452 creditur
675 3389 893 3469 Hesperidum.

105 3477 231 3536 auffuit
247 3477 536 3556 Immixtumpecori
552 3495 648 3554 genus
663 3491 753 3533 omne
769 3473 905 3531 ferarum
