<?xml version="1.0" encoding="UTF-8"?>
<!DOCTYPE html PUBLIC "-//W3C//DTD XHTML 1.0 Transitional//EN"
    "http://www.w3.org/TR/xhtml1/DTD/xhtml1-transitional.dtd">
<html xmlns="http://www.w3.org/1999/xhtml" xml:lang="en" lang="en">
 <head>
  <title>
</title>
<meta http-equiv="Content-Type" content="text/html;charset=utf-8" />
  <meta name='ocr-system' content='tesseract 3.04.00' />
  <meta name='ocr-capabilities' content='ocr_page ocr_carea ocr_par ocr_line ocrx_word'/>
</head>
<body>
  <div class='ocr_page' id='page_1' title='image "./diuniiiuvenalis02juvegoog_0437.png"; bbox 0 0 2460 3878; ppageno 0'>
   <div class='ocr_carea' id='block_1_1' title="bbox 93 214 824 279">
    <p class='ocr_par' dir='ltr' id='par_1_1' title="bbox 93 214 824 279">
     <span class='ocr_line' id='line_1_1' title="bbox 93 214 824 279; baseline -0.004 0"><span class='ocrx_word' id='word_1_1' title='bbox 93 214 157 279; x_wconf 68' lang='lat' dir='ltr'><strong>lot</strong></span> <span class='ocrx_word' id='word_1_2' title='bbox 423 215 468 277; x_wconf 92' lang='lat' dir='ltr'><strong>M.</strong></span> <span class='ocrx_word' id='word_1_3' title='bbox 485 215 579 277; x_wconf 81' lang='lat' dir='ltr'><strong>VAL.</strong></span> <span class='ocrx_word' id='word_1_4' title='bbox 595 215 824 277; x_wconf 79' lang='lat' dir='ltr'><strong>MAR&#39;llALlS</strong></span> 
     </span>
    </p>
   </div>
   <div class='ocr_carea' id='block_1_2' title="bbox 560 369 670 433">
    <p class='ocr_par' dir='ltr' id='par_1_2' title="bbox 560 369 670 433">
     <span class='ocr_line' id='line_1_2' title="bbox 560 369 670 433; baseline 0.027 -3"><span class='ocrx_word' id='word_1_5' title='bbox 560 369 670 433; x_wconf 87' lang='lat' dir='ltr'>XXXI.</span> 
     </span>
    </p>
   </div>
   <div class='ocr_carea' id='block_1_3' title="bbox 138 480 820 1917">
    <p class='ocr_par' dir='ltr' id='par_1_3' title="bbox 178 480 820 543">
     <span class='ocr_line' id='line_1_3' title="bbox 178 480 820 543; baseline 0.006 -4"><span class='ocrx_word' id='word_1_6' title='bbox 178 481 294 540; x_wconf 80' lang='lat' dir='ltr'><strong>Atreus</strong></span> <span class='ocrx_word' id='word_1_7' title='bbox 310 480 465 542; x_wconf 76' lang='lat' dir='ltr'><strong>Caecilius</strong></span> <span class='ocrx_word' id='word_1_8' title='bbox 486 483 713 543; x_wconf 82' lang='lat' dir='ltr'><strong>cucurbitarum</strong></span> <span class='ocrx_word' id='word_1_9' title='bbox 814 484 820 494; x_wconf 91' lang='lat'><em>&#39;</em></span> 
     </span>
    </p>

    <p class='ocr_par' dir='ltr' id='par_1_4' title="bbox 178 561 690 646">
     <span class='ocr_line' id='line_1_4' title="bbox 178 561 690 646; baseline 0.004 -23"><span class='ocrx_word' id='word_1_10' title='bbox 178 563 230 624; x_wconf 89' lang='lat' dir='ltr'><strong>Sic</strong></span> <span class='ocrx_word' id='word_1_11' title='bbox 244 561 317 625; x_wconf 91' lang='lat' dir='ltr'><strong>illas</strong></span> <span class='ocrx_word' id='word_1_12' title='bbox 334 567 420 646; x_wconf 87' lang='lat' dir='ltr'><strong>qnasi</strong></span> <span class='ocrx_word' id='word_1_13' title='bbox 433 565 515 628; x_wconf 88' lang='lat' dir='ltr'><strong>lilios</strong></span> <span class='ocrx_word' id='word_1_14' title='bbox 530 565 690 646; x_wconf 76' lang='lat' dir='ltr'><strong>Thyestae</strong></span> 
     </span>
    </p>

    <p class='ocr_par' dir='ltr' id='par_1_5' title="bbox 177 648 734 730">
     <span class='ocr_line' id='line_1_5' title="bbox 177 648 734 730; baseline 0.005 -20"><span class='ocrx_word' id='word_1_15' title='bbox 177 649 212 710; x_wconf 96' lang='lat' dir='ltr'><strong>ln</strong></span> <span class='ocrx_word' id='word_1_16' title='bbox 226 655 332 730; x_wconf 88' lang='lat' dir='ltr'><strong>partes</strong></span> <span class='ocrx_word' id='word_1_17' title='bbox 346 649 464 711; x_wconf 89' lang='lat' dir='ltr'><strong>lacerat</strong></span> <span class='ocrx_word' id='word_1_18' title='bbox 478 657 625 730; x_wconf 81' lang='lat' dir='ltr'><strong>secatque</strong></span> <span class='ocrx_word' id='word_1_19' title='bbox 639 648 734 713; x_wconf 85' lang='lat' dir='ltr'><strong>mille.</strong></span> 
     </span>
    </p>

    <p class='ocr_par' dir='ltr' id='par_1_6' title="bbox 157 734 739 900">
     <span class='ocr_line' id='line_1_6' title="bbox 178 734 739 816; baseline 0.004 -22"><span class='ocrx_word' id='word_1_20' title='bbox 178 735 279 794; x_wconf 79' lang='lat' dir='ltr'><strong>(lustu</strong></span> <span class='ocrx_word' id='word_1_21' title='bbox 292 737 433 816; x_wconf 80' lang='lat' dir='ltr'><strong>protinus</strong></span> <span class='ocrx_word' id='word_1_22' title='bbox 447 737 503 796; x_wconf 88' lang='lat' dir='ltr'><strong>has</strong></span> <span class='ocrx_word' id='word_1_23' title='bbox 518 734 595 796; x_wconf 85' lang='lat' dir='ltr'><strong>edes</strong></span> <span class='ocrx_word' id='word_1_24' title='bbox 608 737 642 796; x_wconf 88' lang='lat' dir='ltr'><strong>in</strong></span> <span class='ocrx_word' id='word_1_25' title='bbox 655 736 739 816; x_wconf 90' lang='lat' dir='ltr'><strong>ipso,</strong></span> 
     </span>
     <span class='ocr_line' id='line_1_7' title="bbox 157 819 718 900; baseline 0.002 -21"><span class='ocrx_word' id='word_1_26' title='bbox 157 820 245 879; x_wconf 74' lang='lat' dir='ltr'><strong>ollas</strong></span> <span class='ocrx_word' id='word_1_27' title='bbox 261 821 360 900; x_wconf 88' lang='lat' dir='ltr'><strong>prima</strong></span> <span class='ocrx_word' id='word_1_28' title='bbox 374 819 459 880; x_wconf 85' lang='lat' dir='ltr'><strong>feret</strong></span> <span class='ocrx_word' id='word_1_29' title='bbox 473 819 609 880; x_wconf 86' lang='lat' dir='ltr'><strong>alterave</strong></span> <span class='ocrx_word' id='word_1_30' title='bbox 625 837 718 898; x_wconf 88' lang='lat' dir='ltr'><strong>cena,</strong></span> 
     </span>
    </p>

    <p class='ocr_par' dir='ltr' id='par_1_7' title="bbox 178 905 672 986">
     <span class='ocr_line' id='line_1_8' title="bbox 178 905 672 986; baseline 0.004 -23"><span class='ocrx_word' id='word_1_31' title='bbox 178 905 242 963; x_wconf 89' lang='lat' dir='ltr'><strong>llas</strong></span> <span class='ocrx_word' id='word_1_32' title='bbox 260 921 337 964; x_wconf 93' lang='lat' dir='ltr'><strong>cena</strong></span> <span class='ocrx_word' id='word_1_33' title='bbox 350 905 408 964; x_wconf 88' lang='lat' dir='ltr'><strong>tibi</strong></span> <span class='ocrx_word' id='word_1_34' title='bbox 421 907 516 964; x_wconf 85' lang='lat' dir='ltr'><strong>tertia</strong></span> <span class='ocrx_word' id='word_1_35' title='bbox 530 909 672 986; x_wconf 81' lang='lat' dir='ltr'><strong>reponet.</strong></span> 
     </span>
    </p>

    <p class='ocr_par' dir='ltr' id='par_1_8' title="bbox 179 987 726 1070">
     <span class='ocr_line' id='line_1_9' title="bbox 179 987 726 1070; baseline 0 -23"><span class='ocrx_word' id='word_1_36' title='bbox 179 989 262 1048; x_wconf 94' lang='lat' dir='ltr'><strong>llinc</strong></span> <span class='ocrx_word' id='word_1_37' title='bbox 277 1007 363 1048; x_wconf 79' lang='lat' dir='ltr'><strong>seras</strong></span> <span class='ocrx_word' id='word_1_38' title='bbox 377 987 573 1070; x_wconf 79' lang='lat' dir='ltr'>epidipnidas</span> <span class='ocrx_word' id='word_1_39' title='bbox 586 989 726 1070; x_wconf 88' lang='lat' dir='ltr'><strong>parabit,</strong></span> 
     </span>
    </p>

    <p class='ocr_par' dir='ltr' id='par_1_9' title="bbox 179 1071 769 1154">
     <span class='ocr_line' id='line_1_10' title="bbox 179 1071 769 1154; baseline 0.002 -22"><span class='ocrx_word' id='word_1_40' title='bbox 179 1073 261 1132; x_wconf 88' lang='lat' dir='ltr'><strong>Hinc</strong></span> <span class='ocrx_word' id='word_1_41' title='bbox 274 1075 375 1153; x_wconf 81' lang='lat' dir='ltr'><strong>pistor</strong></span> <span class='ocrx_word' id='word_1_42' title='bbox 389 1071 488 1133; x_wconf 77' lang='lat' dir='ltr'><strong>fatuas</strong></span> <span class='ocrx_word' id='word_1_43' title='bbox 503 1073 579 1133; x_wconf 83' lang='lat' dir='ltr'><strong>facit</strong></span> <span class='ocrx_word' id='word_1_44' title='bbox 592 1071 769 1154; x_wconf 90' lang='lat' dir='ltr'><strong>placentas,</strong></span> 
     </span>
    </p>

    <p class='ocr_par' dir='ltr' id='par_1_10' title="bbox 138 1156 764 1320">
     <span class='ocr_line' id='line_1_11' title="bbox 179 1156 764 1238; baseline 0.003 -22"><span class='ocrx_word' id='word_1_45' title='bbox 179 1158 261 1217; x_wconf 92' lang='lat' dir='ltr'><strong>Hinc</strong></span> <span class='ocrx_word' id='word_1_46' title='bbox 277 1165 311 1217; x_wconf 87' lang='lat' dir='ltr'><strong>et</strong></span> <span class='ocrx_word' id='word_1_47' title='bbox 324 1156 511 1238; x_wconf 88' lang='lat' dir='ltr'><strong>multiplices</strong></span> <span class='ocrx_word' id='word_1_48' title='bbox 525 1159 619 1217; x_wconf 82' lang='lat' dir='ltr'><strong>struit</strong></span> <span class='ocrx_word' id='word_1_49' title='bbox 632 1156 764 1222; x_wconf 89' lang='lat' dir='ltr'><strong>tabellas</strong></span> 
     </span>
     <span class='ocr_line' id='line_1_12' title="bbox 138 1241 677 1320; baseline -0.004 -18"><span class='ocrx_word' id='word_1_50' title='bbox 138 1242 219 1304; x_wconf 73' lang='lat' dir='ltr'><strong>nolit</strong></span> <span class='ocrx_word' id='word_1_51' title='bbox 235 1248 324 1302; x_wconf 89' lang='lat' dir='ltr'><strong>notas</strong></span> <span class='ocrx_word' id='word_1_52' title='bbox 340 1241 677 1320; x_wconf 75' lang='lat' dir='ltr'><strong>csryotidastheatris3</strong></span> 
     </span>
    </p>

    <p class='ocr_par' dir='ltr' id='par_1_11' title="bbox 179 1323 725 1405">
     <span class='ocr_line' id='line_1_13' title="bbox 179 1323 725 1405; baseline 0.002 -20"><span class='ocrx_word' id='word_1_53' title='bbox 179 1327 261 1385; x_wconf 86' lang='lat' dir='ltr'><strong>llinc</strong></span> <span class='ocrx_word' id='word_1_54' title='bbox 276 1327 341 1386; x_wconf 85' lang='lat' dir='ltr'><strong>exit</strong></span> <span class='ocrx_word' id='word_1_55' title='bbox 353 1327 470 1386; x_wconf 87' lang='lat' dir='ltr'><strong>varium</strong></span> <span class='ocrx_word' id='word_1_56' title='bbox 486 1345 559 1386; x_wconf 94' lang='lat' dir='ltr'><strong>coco</strong></span> <span class='ocrx_word' id='word_1_57' title='bbox 578 1323 725 1405; x_wconf 90' lang='lat' dir='ltr'><strong>minutal,</strong></span> 
     </span>
    </p>

    <p class='ocr_par' dir='ltr' id='par_1_12' title="bbox 178 1408 817 1491">
     <span class='ocr_line' id='line_1_14' title="bbox 178 1408 817 1491; baseline 0.006 -21"><span class='ocrx_word' id='word_1_58' title='bbox 178 1412 221 1470; x_wconf 89' lang='lat' dir='ltr'><strong>Ut</strong></span> <span class='ocrx_word' id='word_1_59' title='bbox 235 1408 354 1471; x_wconf 91' lang='lat' dir='ltr'><strong>lentem</strong></span> <span class='ocrx_word' id='word_1_60' title='bbox 367 1412 500 1491; x_wconf 84' lang='lat' dir='ltr'><strong>positam</strong></span> <span class='ocrx_word' id='word_1_61' title='bbox 514 1411 678 1490; x_wconf 80' lang='lat' dir='ltr'><strong>fabamque</strong></span> <span class='ocrx_word' id='word_1_62' title='bbox 693 1410 817 1474; x_wconf 83' lang='lat' dir='ltr'><strong>credas:</strong></span> 
     </span>
    </p>

    <p class='ocr_par' dir='ltr' id='par_1_13' title="bbox 178 1493 672 1575">
     <span class='ocr_line' id='line_1_15' title="bbox 178 1493 672 1575; baseline 0.004 -21"><span class='ocrx_word' id='word_1_63' title='bbox 178 1493 307 1556; x_wconf 77' lang='lat' dir='ltr'><strong>Boletos</strong></span> <span class='ocrx_word' id='word_1_64' title='bbox 318 1497 456 1557; x_wconf 87' lang='lat' dir='ltr'><strong>imitatur</strong></span> <span class='ocrx_word' id='word_1_65' title='bbox 470 1504 504 1556; x_wconf 91' lang='lat' dir='ltr'><strong>et</strong></span> <span class='ocrx_word' id='word_1_66' title='bbox 518 1495 672 1575; x_wconf 77' lang='lat' dir='ltr'><strong>botellos,</strong></span> 
     </span>
    </p>

    <p class='ocr_par' dir='ltr' id='par_1_14' title="bbox 140 1579 806 1746">
     <span class='ocr_line' id='line_1_16' title="bbox 179 1579 806 1663; baseline 0.002 -22"><span class='ocrx_word' id='word_1_67' title='bbox 179 1581 221 1641; x_wconf 79' lang='lat' dir='ltr'><strong>lit</strong></span> <span class='ocrx_word' id='word_1_68' title='bbox 235 1579 361 1663; x_wconf 72' lang='lat' dir='ltr'><strong>caudam</strong></span> <span class='ocrx_word' id='word_1_69' title='bbox 377 1581 459 1662; x_wconf 84' lang='lat' dir='ltr'>cybii</span> <span class='ocrx_word' id='word_1_70' title='bbox 473 1581 648 1662; x_wconf 87' lang='lat' dir='ltr'><strong>brevesque</strong></span> <span class='ocrx_word' id='word_1_71' title='bbox 667 1599 806 1644; x_wconf 82' lang='lat' dir='ltr'><strong>maenas:</strong></span> 
     </span>
     <span class='ocr_line' id='line_1_17' title="bbox 140 1664 713 1746; baseline 0 -20"><span class='ocrx_word' id='word_1_72' title='bbox 140 1666 259 1726; x_wconf 71' lang='lat' dir='ltr'><strong>lollinc</strong></span> <span class='ocrx_word' id='word_1_73' title='bbox 274 1664 420 1725; x_wconf 81' lang='lat' dir='ltr'><strong>cellarius</strong></span> <span class='ocrx_word' id='word_1_74' title='bbox 437 1667 597 1746; x_wconf 84' lang='lat' dir='ltr'><strong>experitur</strong></span> <span class='ocrx_word' id='word_1_75' title='bbox 612 1672 713 1746; x_wconf 88' lang='lat' dir='ltr'><strong>artes,</strong></span> 
     </span>
    </p>

    <p class='ocr_par' dir='ltr' id='par_1_15' title="bbox 179 1748 683 1832">
     <span class='ocr_line' id='line_1_18' title="bbox 179 1748 683 1832; baseline 0 -22"><span class='ocrx_word' id='word_1_76' title='bbox 179 1751 222 1810; x_wconf 91' lang='lat' dir='ltr'><strong>Ut</strong></span> <span class='ocrx_word' id='word_1_77' title='bbox 241 1748 354 1810; x_wconf 93' lang='lat' dir='ltr'><strong>condat</strong></span> <span class='ocrx_word' id='word_1_78' title='bbox 367 1751 453 1810; x_wconf 87' lang='lat' dir='ltr'><strong>vario</strong></span> <span class='ocrx_word' id='word_1_79' title='bbox 469 1751 556 1810; x_wconf 86' lang='lat' dir='ltr'><strong>valer</strong></span> <span class='ocrx_word' id='word_1_80' title='bbox 572 1769 683 1832; x_wconf 89' lang='lat' dir='ltr'><strong>sapore</strong></span> 
     </span>
    </p>

    <p class='ocr_par' dir='ltr' id='par_1_16' title="bbox 177 1831 648 1917">
     <span class='ocr_line' id='line_1_19' title="bbox 177 1831 648 1917; baseline 0.008 -23"><span class='ocrx_word' id='word_1_81' title='bbox 177 1833 212 1894; x_wconf 95' lang='lat' dir='ltr'><strong>ln</strong></span> <span class='ocrx_word' id='word_1_82' title='bbox 228 1840 317 1897; x_wconf 82' lang='lat' dir='ltr'><strong>rutae</strong></span> <span class='ocrx_word' id='word_1_83' title='bbox 333 1831 442 1896; x_wconf 83' lang='lat' dir='ltr'><strong>lolium</strong></span> <span class='ocrx_word' id='word_1_84' title='bbox 459 1832 648 1917; x_wconf 79' lang='lat' dir='ltr'><strong>Capelliana.</strong></span> 
     </span>
    </p>
   </div>
   <div class='ocr_carea' id='block_1_4' title="bbox 120 1915 892 2254">
    <p class='ocr_par' dir='ltr' id='par_1_17' title="bbox 120 1915 767 2084">
     <span class='ocr_line' id='line_1_20' title="bbox 120 1915 767 2001; baseline 0.002 -24"><span class='ocrx_word' id='word_1_85' title='bbox 120 1985 124 1992; x_wconf 27' lang='lat'><strong>⁴</strong></span> <span class='ocrx_word' id='word_1_86' title='bbox 180 1919 231 1978; x_wconf 88' lang='lat' dir='ltr'><strong>Sic</strong></span> <span class='ocrx_word' id='word_1_87' title='bbox 245 1915 357 1998; x_wconf 89' lang='lat' dir='ltr'><strong>implet</strong></span> <span class='ocrx_word' id='word_1_88' title='bbox 370 1921 494 1999; x_wconf 83' lang='lat' dir='ltr'><strong>gabatas</strong></span> <span class='ocrx_word' id='word_1_89' title='bbox 508 1918 767 2001; x_wconf 81' lang='lat' dir='ltr'><strong>paropsidesque,</strong></span> 
     </span>
     <span class='ocr_line' id='line_1_21' title="bbox 178 2001 764 2084; baseline 0.005 -22"><span class='ocrx_word' id='word_1_90' title='bbox 178 2003 220 2063; x_wconf 73' lang='lat' dir='ltr'><strong>lit</strong></span> <span class='ocrx_word' id='word_1_91' title='bbox 234 2001 320 2064; x_wconf 81' lang='lat' dir='ltr'><strong>leves</strong></span> <span class='ocrx_word' id='word_1_92' title='bbox 336 2003 471 2065; x_wconf 83' lang='lat' dir='ltr'><strong>scutulas</strong></span> <span class='ocrx_word' id='word_1_93' title='bbox 487 2023 634 2084; x_wconf 88' lang='lat' dir='ltr'><strong>cavasque</strong></span> <span class='ocrx_word' id='word_1_94' title='bbox 648 2003 764 2066; x_wconf 86' lang='lat' dir='ltr'><strong>lances.</strong></span> 
     </span>
    </p>

    <p class='ocr_par' dir='ltr' id='par_1_18' title="bbox 135 2087 892 2254">
     <span class='ocr_line' id='line_1_22' title="bbox 135 2087 892 2170; baseline -0.001 -21"><span class='ocrx_word' id='word_1_95' title='bbox 135 2088 244 2149; x_wconf 69' lang='lat' dir='ltr'><strong>20Hoc</strong></span> <span class='ocrx_word' id='word_1_96' title='bbox 259 2087 377 2149; x_wconf 90' lang='lat' dir='ltr'><strong>lautum</strong></span> <span class='ocrx_word' id='word_1_97' title='bbox 389 2097 494 2168; x_wconf 90' lang='lat' dir='ltr'><strong>vocat,</strong></span> <span class='ocrx_word' id='word_1_98' title='bbox 514 2090 574 2149; x_wconf 90' lang='lat' dir='ltr'><strong>hoc</strong></span> <span class='ocrx_word' id='word_1_99' title='bbox 589 2095 677 2170; x_wconf 91' lang='lat' dir='ltr'><strong>putat</strong></span> <span class='ocrx_word' id='word_1_100' title='bbox 690 2096 866 2166; x_wconf 79' lang='lat' dir='ltr'><strong>venustum,</strong></span> <span class='ocrx_word' id='word_1_101' title='bbox 890 2093 892 2096; x_wconf 82' lang='lat'>&#39;</span> 
     </span>
     <span class='ocr_line' id='line_1_23' title="bbox 183 2172 795 2254; baseline -0.003 -20"><span class='ocrx_word' id='word_1_102' title='bbox 183 2173 280 2234; x_wconf 90' lang='lat' dir='ltr'><strong>Unum</strong></span> <span class='ocrx_word' id='word_1_103' title='bbox 296 2191 416 2254; x_wconf 89' lang='lat' dir='ltr'><strong>ponere</strong></span> <span class='ocrx_word' id='word_1_104' title='bbox 430 2172 558 2237; x_wconf 83' lang='lat' dir='ltr'><strong>ferculis</strong></span> <span class='ocrx_word' id='word_1_105' title='bbox 575 2181 622 2233; x_wconf 93' lang='lat' dir='ltr'><strong>tot</strong></span> <span class='ocrx_word' id='word_1_106' title='bbox 637 2191 745 2234; x_wconf 87' lang='lat' dir='ltr'><strong>assem.</strong></span> <span class='ocrx_word' id='word_1_107' title='bbox 791 2249 795 2254; x_wconf 88' lang='lat'><em>.</em></span> 
     </span>
    </p>
   </div>
   <div class='ocr_carea' id='block_1_5' title="bbox 555 2307 678 2369">
    <p class='ocr_par' dir='ltr' id='par_1_19' title="bbox 555 2307 678 2369">
     <span class='ocr_line' id='line_1_24' title="bbox 555 2307 678 2369; baseline 0.008 -1"><span class='ocrx_word' id='word_1_108' title='bbox 555 2307 678 2369; x_wconf 93' lang='lat' dir='ltr'><strong>XXXll.</strong></span> 
     </span>
    </p>
   </div>
   <div class='ocr_carea' id='block_1_6' title="bbox 157 2405 1050 3084">
    <p class='ocr_par' dir='ltr' id='par_1_20' title="bbox 177 2405 1011 2574">
     <span class='ocr_line' id='line_1_25' title="bbox 177 2405 1011 2490; baseline 0.006 -24"><span class='ocrx_word' id='word_1_109' title='bbox 177 2405 243 2467; x_wconf 92' lang='lat' dir='ltr'><strong>Nec</strong></span> <span class='ocrx_word' id='word_1_110' title='bbox 259 2415 330 2487; x_wconf 85' lang='lat' dir='ltr'><strong>toga</strong></span> <span class='ocrx_word' id='word_1_111' title='bbox 345 2427 404 2469; x_wconf 90' lang='lat' dir='ltr'><strong>nec</strong></span> <span class='ocrx_word' id='word_1_112' title='bbox 418 2409 507 2470; x_wconf 86' lang='lat' dir='ltr'><strong>focus</strong></span> <span class='ocrx_word' id='word_1_113' title='bbox 522 2416 644 2469; x_wconf 80' lang='lat' dir='ltr'><strong>estnec</strong></span> <span class='ocrx_word' id='word_1_114' title='bbox 659 2408 753 2468; x_wconf 87' lang='lat' dir='ltr'><strong>tritus</strong></span> <span class='ocrx_word' id='word_1_115' title='bbox 768 2409 876 2468; x_wconf 91' lang='lat' dir='ltr'><strong>cimice</strong></span> <span class='ocrx_word' id='word_1_116' title='bbox 889 2407 1011 2490; x_wconf 91' lang='lat' dir='ltr'><strong>lectus,</strong></span> 
     </span>
     <span class='ocr_line' id='line_1_26' title="bbox 219 2491 874 2574; baseline 0.003 -23"><span class='ocrx_word' id='word_1_117' title='bbox 219 2491 285 2552; x_wconf 90' lang='lat' dir='ltr'><strong>Nec</strong></span> <span class='ocrx_word' id='word_1_118' title='bbox 300 2494 358 2553; x_wconf 89' lang='lat' dir='ltr'><strong>tibi</strong></span> <span class='ocrx_word' id='word_1_119' title='bbox 374 2493 413 2553; x_wconf 92' lang='lat' dir='ltr'><strong>dc</strong></span> <span class='ocrx_word' id='word_1_120' title='bbox 426 2493 531 2556; x_wconf 88' lang='lat' dir='ltr'><strong>bibula</strong></span> <span class='ocrx_word' id='word_1_121' title='bbox 545 2500 628 2554; x_wconf 90' lang='lat' dir='ltr'><strong>sarta</strong></span> <span class='ocrx_word' id='word_1_122' title='bbox 641 2491 754 2574; x_wconf 76' lang='lat' dir='ltr'><strong>paluile</strong></span> <span class='ocrx_word' id='word_1_123' title='bbox 769 2501 874 2572; x_wconf 78' lang='lat' dir='ltr'><strong>teges,</strong></span> 
     </span>
    </p>

    <p class='ocr_par' dir='ltr' id='par_1_21' title="bbox 176 2575 1050 2742">
     <span class='ocr_line' id='line_1_27' title="bbox 176 2575 1050 2660; baseline 0.006 -24"><span class='ocrx_word' id='word_1_124' title='bbox 176 2575 242 2636; x_wconf 90' lang='lat' dir='ltr'><strong>Nec</strong></span> <span class='ocrx_word' id='word_1_125' title='bbox 256 2595 335 2656; x_wconf 91' lang='lat' dir='ltr'><strong>puer</strong></span> <span class='ocrx_word' id='word_1_126' title='bbox 350 2583 402 2636; x_wconf 89' lang='lat' dir='ltr'><strong>aut</strong></span> <span class='ocrx_word' id='word_1_127' title='bbox 417 2579 538 2657; x_wconf 86' lang='lat' dir='ltr'><strong>senior,</strong></span> <span class='ocrx_word' id='word_1_128' title='bbox 562 2577 647 2638; x_wconf 85' lang='lat' dir='ltr'><strong>nulla</strong></span> <span class='ocrx_word' id='word_1_129' title='bbox 662 2584 711 2641; x_wconf 82' lang='lat' dir='ltr'><strong>est</strong></span> <span class='ocrx_word' id='word_1_130' title='bbox 726 2575 838 2638; x_wconf 91' lang='lat' dir='ltr'><strong>ancilla</strong></span> <span class='ocrx_word' id='word_1_131' title='bbox 854 2597 913 2642; x_wconf 90' lang='lat' dir='ltr'><strong>nec</strong></span> <span class='ocrx_word' id='word_1_132' title='bbox 927 2579 1050 2660; x_wconf 80' lang='lat' dir='ltr'><strong>infans,</strong></span> 
     </span>
     <span class='ocr_line' id='line_1_28' title="bbox 219 2659 941 2742; baseline 0.014 -22"><span class='ocrx_word' id='word_1_133' title='bbox 219 2659 285 2721; x_wconf 91' lang='lat' dir='ltr'><strong>Nec</strong></span> <span class='ocrx_word' id='word_1_134' title='bbox 301 2679 372 2726; x_wconf 75' lang='lat' dir='ltr'><strong>sera</strong></span> <span class='ocrx_word' id='word_1_135' title='bbox 387 2681 445 2722; x_wconf 93' lang='lat' dir='ltr'><strong>nec</strong></span> <span class='ocrx_word' id='word_1_136' title='bbox 462 2662 555 2724; x_wconf 89' lang='lat' dir='ltr'><strong>clavis</strong></span> <span class='ocrx_word' id='word_1_137' title='bbox 570 2681 630 2723; x_wconf 90' lang='lat' dir='ltr'><strong>nec</strong></span> <span class='ocrx_word' id='word_1_138' title='bbox 644 2663 727 2722; x_wconf 83' lang='lat' dir='ltr'><strong>cauis</strong></span> <span class='ocrx_word' id='word_1_139' title='bbox 743 2669 837 2742; x_wconf 85' lang='lat' dir='ltr'><strong>atque</strong></span> <span class='ocrx_word' id='word_1_140' title='bbox 852 2662 941 2730; x_wconf 82' lang='lat' dir='ltr'><strong>calix.</strong></span> 
     </span>
    </p>

    <p class='ocr_par' dir='ltr' id='par_1_22' title="bbox 157 2744 995 2916">
     <span class='ocr_line' id='line_1_29' title="bbox 157 2744 973 2830; baseline 0.002 -25"><span class='ocrx_word' id='word_1_141' title='bbox 157 2744 229 2805; x_wconf 75' lang='lat' dir='ltr'><strong>5&#39;l&#39;u</strong></span> <span class='ocrx_word' id='word_1_142' title='bbox 245 2753 350 2807; x_wconf 88' lang='lat' dir='ltr'><strong>tamen</strong></span> <span class='ocrx_word' id='word_1_143' title='bbox 366 2747 509 2826; x_wconf 85' lang='lat' dir='ltr'><strong>allectas,</strong></span> <span class='ocrx_word' id='word_1_144' title='bbox 530 2747 662 2825; x_wconf 88' lang='lat' dir='ltr'><strong>Nestor,</strong></span> <span class='ocrx_word' id='word_1_145' title='bbox 685 2746 747 2807; x_wconf 86' lang='lat' dir='ltr'><strong>dlcl</strong></span> <span class='ocrx_word' id='word_1_146' title='bbox 763 2755 855 2830; x_wconf 84' lang='lat' dir='ltr'><strong>atque</strong></span> <span class='ocrx_word' id='word_1_147' title='bbox 872 2747 973 2811; x_wconf 83' lang='lat' dir='ltr'><strong>videri</strong></span> 
     </span>
     <span class='ocr_line' id='line_1_30' title="bbox 218 2829 995 2916; baseline 0.005 -27"><span class='ocrx_word' id='word_1_148' title='bbox 218 2829 357 2916; x_wconf 89' lang='lat' dir='ltr'><strong>Pauper,</strong></span> <span class='ocrx_word' id='word_1_149' title='bbox 380 2839 413 2894; x_wconf 88' lang='lat' dir='ltr'><strong>et</strong></span> <span class='ocrx_word' id='word_1_150' title='bbox 427 2834 458 2893; x_wconf 91' lang='lat' dir='ltr'><strong>in</strong></span> <span class='ocrx_word' id='word_1_151' title='bbox 474 2830 591 2916; x_wconf 90' lang='lat' dir='ltr'><strong>populo</strong></span> <span class='ocrx_word' id='word_1_152' title='bbox 608 2832 731 2912; x_wconf 79' lang='lat' dir='ltr'><strong>quaeris</strong></span> <span class='ocrx_word' id='word_1_153' title='bbox 748 2833 866 2893; x_wconf 88' lang='lat' dir='ltr'><strong>habere</strong></span> <span class='ocrx_word' id='word_1_154' title='bbox 880 2831 995 2896; x_wconf 85' lang='lat' dir='ltr'><strong>locum.</strong></span> 
     </span>
    </p>

    <p class='ocr_par' dir='ltr' id='par_1_23' title="bbox 176 2913 941 3084">
     <span class='ocr_line' id='line_1_31' title="bbox 176 2913 859 2998; baseline 0.009 -24"><span class='ocrx_word' id='word_1_155' title='bbox 176 2913 324 2976; x_wconf 87' lang='lat' dir='ltr'><strong>Mentiris</strong></span> <span class='ocrx_word' id='word_1_156' title='bbox 338 2936 478 2998; x_wconf 90' lang='lat' dir='ltr'><strong>vanoque</strong></span> <span class='ocrx_word' id='word_1_157' title='bbox 493 2919 550 2978; x_wconf 89' lang='lat' dir='ltr'><strong>tibi</strong></span> <span class='ocrx_word' id='word_1_158' title='bbox 565 2915 715 2978; x_wconf 88' lang='lat' dir='ltr'><strong>blandiris</strong></span> <span class='ocrx_word' id='word_1_159' title='bbox 728 2918 859 2981; x_wconf 86' lang='lat' dir='ltr'><strong>honore.</strong></span> 
     </span>
     <span class='ocr_line' id='line_1_32' title="bbox 217 2999 941 3084; baseline 0.007 -26"><span class='ocrx_word' id='word_1_160' title='bbox 217 2999 286 3059; x_wconf 90' lang='lat' dir='ltr'><strong>Non</strong></span> <span class='ocrx_word' id='word_1_161' title='bbox 302 3007 351 3062; x_wconf 89' lang='lat' dir='ltr'><strong>est</strong></span> <span class='ocrx_word' id='word_1_162' title='bbox 365 3011 548 3084; x_wconf 83' lang='lat' dir='ltr'><strong>paupertas,</strong></span> <span class='ocrx_word' id='word_1_163' title='bbox 569 3000 700 3079; x_wconf 88' lang='lat' dir='ltr'><strong>Nestor,</strong></span> <span class='ocrx_word' id='word_1_164' title='bbox 720 3003 838 3062; x_wconf 87' lang='lat' dir='ltr'><strong>habere</strong></span> <span class='ocrx_word' id='word_1_165' title='bbox 851 2999 941 3063; x_wconf 90' lang='lat' dir='ltr'><strong>nihil.</strong></span> 
     </span>
    </p>
   </div>
   <div class='ocr_carea' id='block_1_7' title="bbox 543 3137 679 3200">
    <p class='ocr_par' dir='ltr' id='par_1_24' title="bbox 543 3137 679 3200">
     <span class='ocr_line' id='line_1_33' title="bbox 543 3137 679 3200; baseline 0.015 -2"><span class='ocrx_word' id='word_1_166' title='bbox 543 3137 679 3200; x_wconf 91' lang='lat' dir='ltr'><strong>XXXlll.</strong></span> 
     </span>
    </p>
   </div>
   <div class='ocr_carea' id='block_1_8' title="bbox 174 3234 981 3566">
    <p class='ocr_par' dir='ltr' id='par_1_25' title="bbox 175 3234 981 3404">
     <span class='ocr_line' id='line_1_34' title="bbox 175 3234 981 3320; baseline 0.002 -24"><span class='ocrx_word' id='word_1_167' title='bbox 175 3235 303 3316; x_wconf 79' lang='lat' dir='ltr'><strong>Saepius</strong></span> <span class='ocrx_word' id='word_1_168' title='bbox 320 3234 359 3297; x_wconf 84' lang='lat' dir='ltr'><strong>ad</strong></span> <span class='ocrx_word' id='word_1_169' title='bbox 373 3235 503 3318; x_wconf 90' lang='lat' dir='ltr'><strong>palmam</strong></span> <span class='ocrx_word' id='word_1_170' title='bbox 519 3238 666 3302; x_wconf 87' lang='lat' dir='ltr'><strong>Prasinus</strong></span> <span class='ocrx_word' id='word_1_171' title='bbox 682 3244 754 3320; x_wconf 89' lang='lat' dir='ltr'><strong>post</strong></span> <span class='ocrx_word' id='word_1_172' title='bbox 768 3239 832 3300; x_wconf 88' lang='lat' dir='ltr'><strong>fata</strong></span> <span class='ocrx_word' id='word_1_173' title='bbox 845 3237 981 3298; x_wconf 88' lang='lat' dir='ltr'><strong>Neronis</strong></span> 
     </span>
     <span class='ocr_line' id='line_1_35' title="bbox 216 3320 907 3404; baseline 0.003 -24"><span class='ocrx_word' id='word_1_174' title='bbox 216 3320 366 3381; x_wconf 84' lang='lat' dir='ltr'><strong>Pervenit</strong></span> <span class='ocrx_word' id='word_1_175' title='bbox 379 3331 412 3381; x_wconf 90' lang='lat' dir='ltr'><strong>et</strong></span> <span class='ocrx_word' id='word_1_176' title='bbox 430 3323 528 3382; x_wconf 86' lang='lat' dir='ltr'><strong>victor</strong></span> <span class='ocrx_word' id='word_1_177' title='bbox 542 3324 679 3402; x_wconf 88' lang='lat' dir='ltr'><strong>praemia</strong></span> <span class='ocrx_word' id='word_1_178' title='bbox 693 3322 784 3404; x_wconf 92' lang='lat' dir='ltr'><strong>plura</strong></span> <span class='ocrx_word' id='word_1_179' title='bbox 798 3323 907 3384; x_wconf 85' lang='lat' dir='ltr'><strong>refert.</strong></span> 
     </span>
    </p>

    <p class='ocr_par' dir='ltr' id='par_1_26' title="bbox 174 3401 927 3566">
     <span class='ocr_line' id='line_1_36' title="bbox 174 3401 927 3482; baseline 0.008 -23"><span class='ocrx_word' id='word_1_180' title='bbox 174 3401 297 3477; x_wconf 90' lang='lat' dir='ltr'><strong>lnnnc,</strong></span> <span class='ocrx_word' id='word_1_181' title='bbox 318 3401 400 3462; x_wconf 82' lang='lat' dir='ltr'><strong>livor</strong></span> <span class='ocrx_word' id='word_1_182' title='bbox 416 3404 511 3482; x_wconf 83' lang='lat' dir='ltr'><strong>edax,</strong></span> <span class='ocrx_word' id='word_1_183' title='bbox 533 3405 583 3464; x_wconf 91' lang='lat' dir='ltr'><strong>dic</strong></span> <span class='ocrx_word' id='word_1_184' title='bbox 597 3412 629 3465; x_wconf 88' lang='grc' dir='ltr'><strong>ιι</strong></span> <span class='ocrx_word' id='word_1_185' title='bbox 646 3409 779 3480; x_wconf 77' lang='grc' dir='ltr'><strong>ιιιιίιιι</strong></span> <span class='ocrx_word' id='word_1_186' title='bbox 791 3405 927 3481; x_wconf 88' lang='lat' dir='ltr'><strong>Neroni;</strong></span> 
     </span>
     <span class='ocr_line' id='line_1_37' title="bbox 214 3483 901 3566; baseline 0.012 -24"><span class='ocrx_word' id='word_1_187' title='bbox 214 3483 300 3542; x_wconf 89' lang='lat' dir='ltr'><strong>Vicit</strong></span> <span class='ocrx_word' id='word_1_188' title='bbox 314 3487 457 3544; x_wconf 88' lang='lat' dir='ltr'><strong>nimirum</strong></span> <span class='ocrx_word' id='word_1_189' title='bbox 474 3506 536 3545; x_wconf 93' lang='lat' dir='ltr'><strong>non</strong></span> <span class='ocrx_word' id='word_1_190' title='bbox 551 3489 652 3566; x_wconf 88' lang='lat' dir='ltr'><strong>Nero,</strong></span> <span class='ocrx_word' id='word_1_191' title='bbox 675 3489 732 3549; x_wconf 81' lang='lat' dir='ltr'><strong>ead</strong></span> <span class='ocrx_word' id='word_1_192' title='bbox 746 3490 901 3551; x_wconf 84' lang='lat' dir='ltr'><strong>Prasinus.</strong></span> 
     </span>
    </p>
   </div>
   <div class='ocr_carea' id='block_1_9' title="bbox 0 0 1234 3878">
    <p class='ocr_par' dir='ltr' id='par_1_27' title="bbox 0 0 1234 3878">
     <span class='ocr_line' id='line_1_38' title="bbox 0 0 1234 3878; baseline 0 0"><span class='ocrx_word' id='word_1_193' title='bbox 0 0 1234 3878; x_wconf 95' lang='lat' dir='ltr'><strong> </strong></span> 
     </span>
    </p>
   </div>
  </div>
 </body>
</html>
