2474 3906
363 704 408 776 Μ.
430 701 535 775 VAL.
558 701 816 780 blAR'llALlS

277 873 904 970 ll'ldllAllllAlth

509 1072 672 1136 uuouu.

575 1277 587 1336 1

150 1364 293 1456 Barbara
309 1391 501 1474 pyramidum
516 1390 607 1452 sileat
622 1391 770 1453 miracula
783 1393 956 1478 Memphis,

194 1480 341 1557 Assyrius
355 1479 451 1538 iactet
465 1494 523 1536 nec
538 1474 695 1556 Babylona
707 1475 814 1553 labor3

149 1564 217 1624 Nec
233 1563 359 1622 'l'ririae
374 1559 490 1640 templo
506 1558 619 1620 molles
633 1558 800 1622 laudentur
815 1562 920 1643 lones,

194 1643 374 1706 Dissimulet
389 1644 490 1706 llelou
506 1645 651 1706 cornibus
666 1665 718 1705 ara
731 1646 896 1725 irequeus3

119 1733 235 1796 5Aiire
249 1748 310 1808 uec
323 1749 416 1790 vocuo
431 1728 601 1810 pendentia
613 1729 771 1810 Mausolea

194 1813 350 1875 Laudibus
362 1812 534 1874 immodicis
549 1813 645 1874 Cares
659 1816 692 1874 iu
706 1819 788 1874 astra
803 1814 913 1877 ferant.

150 1899 259 1961 Omnis
272 1898 424 1960 Caesareo
439 1895 523 1958 cedit
536 1894 625 1958 labor
639 1899 893 1979 Amphitheatro,

193 1984 295 2044 Unum
305 2002 364 2062 pro
380 1984 498 2044 cunctis
511 1982 590 2042 fama
603 1980 749 2062 loquetur
763 2002 848 2066 opas.

570 2116 604 2176 ll.

149 2236 212 2296 Hie
225 2235 278 2295 ubi
294 2233 435 2294 sidereus
448 2235 576 2314 propius
590 2232 675 2294 videt
690 2240 772 2294 astra
786 2233 923 2294 colossus

191 2319 233 2378 Et
248 2324 392 2379 crescunt
403 2317 504 2378 media
517 2323 660 2398 pegmata
672 2315 830 2394 calsaria,

149 2401 303 2463 Inuidiosa
314 2402 375 2462 feri
390 2401 551 2463 radiebant
565 2402 643 2462 atria
660 2402 744 2480 regis

192 2487 322 2565 Unaque
337 2488 397 2546 iam
411 2492 475 2547 tota
488 2485 589 2546 stabat
603 2487 635 2545 iu
650 2487 727 2546 urbe
744 2484 859 2550 domus.

119 2583 136 2632 5
150 2571 211 2630 llic
225 2571 277 2630 ubi
292 2571 450 2651 conspicui
464 2569 652 2631 venerabilis
666 2571 896 2652 Amphitheatri

193 2654 332 2732 Erigitur
346 2652 459 2732 moles,
482 2660 587 2732 stagna
599 2655 732 2714 Neronis
747 2663 845 2718 eraut.

148 2737 210 2797 llic
225 2739 276 2797 ubi
292 2739 437 2798 miramur
449 2736 567 2798 velocia
582 2757 709 2798 munera
724 2740 876 2818 thermas,

190 2817 373 2882 Abstulerat
387 2823 508 2882 miseria
522 2827 605 2882 tecta
619 2823 769 2903 superbus
781 2842 863 2903 ager.

149 2903 279 2978 Claudia
292 2905 419 2966 diffusas
433 2907 485 2966 ubi
497 2907 635 2986 porticus
650 2904 935 2988 explicaturum,

105 3001 139 3052 10
190 2987 306 3050 Ultima
321 3009 392 3070 pars
406 2988 491 3050 aulae
506 2989 678 3051 deficientis
694 2997 769 3055 erat.

146 3072 282 3136 Reddita
295 3074 392 3134 lioma
406 3075 464 3134 sibi
478 3081 526 3134 est
541 3080 574 3134 et
586 3081 656 3134 sunt
669 3081 701 3135 te
714 3074 875 3155 praeside,
897 3076 1027 3158 Caesar,

192 3154 331 3218 Deliciae
342 3156 468 3239 populi,
487 3177 563 3236 quae
575 3158 699 3218 fueraut
715 3158 839 3224 domiui.

558 3293 606 3356 lll.

145 3407 234 3485 Quae
249 3416 311 3470 tam
324 3410 460 3490 seposita
476 3416 539 3488 est,
562 3428 641 3490 quae
651 3428 726 3488 gens
737 3419 798 3472 tam
811 3411 955 3490 barbara,
978 3413 1102 3490 Caesar,

99 3575 136 3637 Μ
190 3492 238 3552 lix
251 3511 310 3571 qua
324 3499 553 3573 spectatornou
566 3496 607 3554 sit
619 3495 650 3553 iu
663 3495 740 3554 urbe
753 3494 827 3554 tua?
880 3575 893 3634 l
936 3527 941 3535 ,

140 3593 212 3638 aar.
