2430 3894
317 152 658 215 EPIGRAMMATON
670 153 744 215 Liii.
762 155 798 215 V.
1017 150 1077 215 107
1205 151 1206 226 l

99 271 217 387 b,‚Sors
231 324 300 367 mea
315 303 404 385 qnam
418 306 526 366 fratris
541 303 669 383 melior,
692 306 741 366 cui
756 311 817 365 tam
832 324 931 385 prope
945 305 993 366 fae
1009 311 1058 365 est

164 392 322 467 Cernere,
343 395 405 449 tom
418 387 512 469 longe
527 407 618 469 quem
635 390 709 451 colit
723 387 782 449 ille
798 388 921 449 deum.“

536 523 586 584 lV.

119 635 236 698 Fetere
251 634 346 696 multo
362 633 498 712 Myrtale
514 634 594 695 colet
609 636 696 712 vino,

120 719 185 780 Sed
197 717 289 778 fallat
301 723 336 777 nt
350 736 424 794 noa,
445 717 520 778 folia
536 717 663 778 devorat
675 717 756 778 lauri

119 803 306 880 Merumque
322 806 409 861 cauta
424 800 553 880 fronde,
575 821 636 861 non
651 822 727 880 aqua
742 803 859 866 miscet.

119 887 211 947 Hane
224 891 258 946 tn
274 886 437 945 rubentem
450 887 697 964 prominentibus
714 887 801 946 venia

100 971 280 1048 5Qnotiens
295 969 419 1045 venire,
441 968 554 1046 Paule,
576 967 692 1028 videris
708 975 831 1044 contra;

119 1055 210 1114 Dicae
225 1051 336 1113 licebit
351 1051 511 1131 „Myrtale
526 1053 606 1144 bibit
620 1050 775 1114 laurum.“

542 1186 579 1246 V.

120 1297 234 1373 Sexte,
256 1293 415 1355 Palatinae
431 1293 533 1355 cultor
546 1295 679 1356 facunde
694 1295 872 1374 Minervae,

162 1380 288 1459 Ingenio
302 1379 417 1439 irueria
432 1381 484 1457 qui
496 1381 643 1458 propiore
658 1379 725 1454 (ἰοῖς

118 1463 197 1528 Nom
211 1464 270 1523 tibi
285 1467 448 1522 nascentes
463 1461 578 1522 domini
593 1481 780 1540 cognoscere
796 1483 884 1523 curae
978 1494 982 1499 ·

162 1547 204 1607 Et
219 1552 342 1606 recreta
357 1544 443 1606 ducis
458 1551 586 1626 pectora
601 1565 693 1608 nosce
707 1544 799 1606 licet:

95 1632 175 1695 {rsit
186 1630 272 1691 locus
289 1635 322 1690 et
336 1631 451 1689 nostris
467 1628 569 1707 aliqua
584 1631 642 1690 tibi
656 1636 746 1711 parte
759 1628 896 1709 libellis,

164 1716 231 1790 Qua
244 1713 351 1790 Pedo,
374 1733 432 1792 qna
447 1713 570 1773 Murano
587 1732 708 1794 quaque
724 1712 865 1774 Catullus
880 1714 951 1778 erit.

118 1797 170 1860 Ao
184 1798 353 1877 Capitolini
370 1795 515 1856 caelestia
530 1799 664 1858 earmina
679 1794 757 1859 belli

164 1880 290 1941 Grande
306 1881 481 1941 cothurnati
497 1899 577 1959 pone
593 1882 732 1942 Maronis
749 1900 833 1962 opus·

537 2023 587 2083 Vi,

119 2136 154 2195 Si
171 2153 232 2193 non
248 2138 402 2211 cotgrave
418 2151 476 2192 nec
490 2133 581 2193 nimio
595 2133 775 2210 molestum,
795 2203 797 2210 ¹

99 2218 248 2298 Mune,
267 2217 468 2277 Parthenium
484 2221 593 2295 rogote
608 2224 756 2277 vestrum:

120 2301 175 2362 Sic
188 2307 222 2361 te
237 2299 339 2360 serior
353 2306 386 2360 et
400 2302 490 2361 beata
506 2298 658 2379 quondam

120 2385 211 2445 Salvo
228 2385 362 2445 Caesare
375 2384 463 2443 liniat
477 2389 622 2443 senectus

93 2469 164 2532 5th
179 2469 222 2528 sis
236 2466 351 2527 invidia
366 2468 490 2529 favente
503 2465 597 2545 felix,

76 2575 80 2582 ¹
121 2552 175 2612 Sic
189 2551 308 2611 Burrus
324 2552 386 2611 cito
402 2552 517 2611 sentiat
529 2558 709 2630 parentem:

119 2633 427 2695 Admittas-timidam
442 2636 629 2713 brevemque
645 2635 781 2694 chartam

117 2719 205 2780 lntra
219 2717 326 2779 limina
341 2719 504 2778 sanctioris
519 2719 594 2779 oevi.

118 2803 211 2862 Nosti
225 2807 365 2882 tempora
379 2808 415 2861 tu
429 2801 508 2861 lovi·
525 2803 645 2878 sereni,

60 2899 111 2953 lo
118 2886 198 2946 cnm
212 2884 315 2964 fulget
329 2883 452 2964 placido
469 2904 586 2964 auoque
600 2883 704 2962 voltu,

118 2969 188 3045 Quo
202 2967 249 3028 nil
264 2967 454 3048 supplicibua
469 2966 551 3029 uolet
565 2987 690 3047 negare.

117 3053 189 3113 Non
206 3058 256 3112 eat
272 3051 355 3132 qnod
369 3059 488 3113 metues
503 3071 614 3134 precea
627 3052 764 3132 iniquas:

116 3135 283 3214 Nunquam
299 3135 427 3214 grandia
441 3155 500 3197 nec
514 3135 645 3197 molesta
662 3137 764 3218 poocit

117 3219 207 3296 Quae
222 3218 317 3280 cetlro
334 3218 479 3280 decorata
491 3238 688 3303 purpuraque

51 3302 223 3382 15Nigrir
238 3303 351 3383 pagina
366 3305 465 3364 crevit
479 3303 642 3365 umbilicia.

116 3386 185 3449 Nec
198 3389 379 3466 porrexeris
395 3390 469 3464 iata,
492 3386 547 3448 red
563 3394 671 3449 teneto
