2528 3876
348 201 687 264 EPIGRAMMA'I'ON
699 201 773 262 LlB.
790 201 852 262 xil.
1062 201 1124 266 305

567 401 645 463 xci.

170 517 349 580 Communis
364 517 422 576 tibi
440 534 507 575 cum
521 516 605 591 viro,
628 511 782 592 Megulla',

170 604 248 664 (ium
263 601 305 661 sit
317 597 451 659 lectulus
467 605 500 665 et
515 600 556 658 sit
570 594 728 676 exoletus,

169 688 289 764 Quare,
310 684 359 743 dic
374 684 467 760 mihi,
488 701 549 741 nun
564 683 606 742 sit
619 686 652 740 et
667 682 816 743 minister.

169 770 330 850 Suspiras3
351 767 430 826 ratic
447 771 511 841 est,
533 766 625 824 times
639 762 789 843 lagonam.

560 893 652 953 xcn.

171 1003 272 1088 Saepe
291 1027 403 1088 rogere
419 1006 519 1085 soles,
542 1006 640 1086 qualis
656 1009 730 1086 sim,
752 1007 876 1086 Prisce,
898 1009 1035 1087 iuturus,

214 1093 247 1153 Si
261 1087 333 1152 flam
340 1090 486 1172 locuples
501 1092 622 1170 simque
636 1097 769 1171 repente
783 1098 903 1172 puteus.

170 1178 360 1254 Quemquam
375 1194 467 1256 posse
481 1181 570 1255 putas
586 1192 688 1234 mores
705 1194 833 1236 narrare
847 1176 992 1238 futuros?

211 1261 268 1320 Dic
282 1260 373 1337 mihi,
396 1261 423 1319 si
436 1259 491 1320 iias
505 1265 539 1319 tu
555 1259 624 1336 lec,
647 1255 746 1337 qualis
764 1260 850 1320 erist

553 1383 659 1446 xciii.

171 1485 237 1561 Qua
253 1483 414 1544 moechum
427 1483 548 1542 ratione
562 1482 700 1542 basiaret

171 1569 283 1629 (loram
298 1568 429 1645 coniuge
443 1566 586 1646 repperit
599 1562 738 1638 Fabulla.

118 1711 126 1722 ,
169 1652 300 1712 Parvum
322 1651 421 1710 basiat
437 1668 535 1729 usque
550 1650 737 1724 morionem

169 1737 260 1796 Hunc
276 1732 380 1795 multis
395 1735 477 1813 rapit
492 1730 605 1792 osculis
620 1731 796 1793 madentem
857 1765 860 1770 ·

148 1820 324 1881 §Moechus
337 1819 496 1899 protinus,
519 1825 552 1876 et
567 1817 629 1876 suis
644 1818 799 1896 repletum

170 1901 299 1964 Ridenti
315 1902 457 1962 duminse
472 1901 581 1960 statius
589 1902 729 1961 remittit.
780 1903 783 1908 '

171 1988 292 2064 Quanto
307 1987 404 2046 morio
422 1987 519 2045 maior
532 1991 582 2044 est
595 1985 738 2043 maritus!

553 2113 661 2176 XCIV.

173 2213 390 2273 Scribebamus
405 2231 499 2292 epos;
521 2212 653 2292 coepisti
667 2211 820 2271 scribere:
842 2211 939 2287 cessi,

163 2363 167 2369 ,
213 2294 344 2357 Aemula
358 2313 398 2356 ne
413 2301 532 2356 starent
547 2296 680 2355 carmina
694 2299 803 2355 nostra
817 2296 887 2356 tuis.

172 2379 347 2454 Transtulit
362 2378 400 2439 ad
414 2380 549 2459 tragicus
564 2397 598 2439 se
613 2385 719 2439 nostra
735 2377 846 2438 Thulin
862 2379 1043 2439 cothurnos:

200 2465 335 2544 militasti
353 2463 477 2542 longum
492 2469 526 2522 tu
543 2479 664 2542 quoque
679 2471 780 2541 syrma
794 2463 859 2522 tibi.
913 2529 918 2539 ,

148 2546 239 2610 bFila
253 2547 341 2627 lyrae
358 2549 438 2607 mcvi
453 2546 593 2608 (delubris
609 2547 729 2608 exculta
745 2542 902 2608 Camenis:

213 2629 339 2692 Plectra
353 2632 437 2711 rapis
453 2632 561 2710 nubis,
585 2632 763 2708 ambitiose,
786 2650 872 2692 nova.

169 2714 326 2775 Audemus
341 2721 475 2776 saturas:
495 2713 630 2776 Lucilius
646 2733 715 2775 esse
729 2713 860 2775 laboras.

214 2797 302 2875 Ludo
316 2799 401 2860 leves
417 2798 540 2877 elegos:
560 2807 595 2859 tu
611 2816 734 2878 quoque
746 2796 828 2858 ludis
843 2797 935 2858 idem.

172 2881 254 2960 Quid
268 2885 368 2943 minus
380 2902 449 2944 csse
466 2882 594 2963 potest?
616 2883 834 2962 epigrammata
847 2883 966 2961 fingere
983 2886 1072 2963 coepi

128 2977 163 3029 10
210 2968 293 3026 Hinc
307 2969 400 3029 etiarn
414 2969 532 3047 petitur
546 2969 606 3027 iam
619 2984 687 3026 mea
700 2964 802 3047 palma
815 2967 881 3027 tibi.

169 3049 275 3129 Elige,
296 3050 370 3131 quid
384 3049 483 3126 nolis;
505 3051 574 3130 quis
591 3051 674 3110 euim
687 3049 804 3130 pudor,
827 3053 927 3112 omnia
940 3050 1046 3112 velle?

212 3135 254 3195 Et
269 3135 296 3194 si
312 3134 386 3213 quid
402 3154 464 3194 nun
479 3136 539 3213 vis,
562 3133 682 3214 Tucca,
704 3131 849 3214 relinque
864 3136 948 3197 mihi.
1036 3193 1041 3200 ,

560 3261 654 3322 XCV.

175 3358 297 3420 Musaei
311 3358 539 3439 pathicissimos
552 3355 695 3435 libellos,
789 3330 793 3337 ¹

175 3443 250 3586 (bulg1
250 3448 373 3587 quthant
387 3442 570 3521 Sybariticis
584 3439 722 3520 libellis‚'
882 3520 924 3584 20
