2460 3878
347 181 686 242 EPIGRAMMATON
702 182 775 244 LlB.
794 182 830 243 X.
1046 177 1109 254 245
1227 273 1228 280 ἵ

131 329 265 412 ὁΚύριι
276 353 360 414 μου,
382 329 455 411 μέλι
471 353 553 412 μου,
575 327 664 414 ψύχή
681 352 747 412 μου
763 334 905 410 congeris
921 351 1035 411 usque,

123 435 127 440 ’
197 420 258 480 Pro
274 417 388 498 pudor!
416 415 572 477 Hersiliae
588 419 661 477 civis
677 424 709 477 et
724 418 865 495 Egeriae.

153 501 302 565 Lectulus
317 504 371 561 has
386 519 492 580 voces,
513 519 572 560 nec
586 499 720 561 lectulus
735 500 838 560 uudiat
853 501 969 577 omnis,

197 587 260 648 Sed
278 605 368 666 quem
384 584 497 644 lascivo
512 586 620 644 stravit
634 586 730 645 amica
743 586 820 645 viro.
993 583 995 586 ’

132 717 139 730 ,
154 673 243 732 Scire
259 671 345 750 cupis
361 689 421 748 quo
436 674 518 728 casta
533 668 623 728 modo
634 675 777 729 matrona
790 666 944 746 loquaris:

104 767 145 820 10
195 752 364 833 Numquid,
387 753 596 829 emerissus,
619 751 759 812 blandior
776 769 845 820 esse
859 751 971 832 potes?

154 839 205 900 'l'u
219 838 297 898 licet
311 836 430 897 ediscas
445 842 541 895 totam
554 837 736 915 referasque
751 834 940 912 Corinthon,

198 923 267 982 Non
286 927 387 980 tumen
404 920 542 997 omuino,
564 919 685 998 Laelia,
706 920 777 979 Lais
793 920 865 978 eris.

535 1052 643 1114 Lxlx.

154 1169 308 1232 Custodes
323 1168 393 1247 das,
412 1166 517 1245 Polla,
539 1169 622 1246 viro,
645 1187 706 1227 non
722 1167 834 1246 accipis
848 1167 922 1246 ipsu.

194 1253 264 1314 Hoc
277 1259 327 1314 est
340 1271 467 1314 uxorem
483 1251 613 1328 ducere,
635 1250 740 1327 Polla,
762 1253 867 1311 virum.

547 1385 639 1446 LXX.

155 1497 247 1574 Quod
261 1499 336 1557 mihi
351 1498 400 1556 vix
415 1515 492 1556 unus
507 1503 573 1556 toto
587 1495 668 1556 liber
684 1503 773 1558 exeat
788 1517 883 1574 anuo,
902 1549 903 1554 ,

195 1581 340 1641 Desidiae
357 1582 413 1639 tihi
429 1599 511 1657 sum,
534 1579 625 1639 docte
640 1582 762 1658 Potite,
785 1599 867 1643 reus.

153 1666 266 1725 iustius
282 1673 313 1725 ut
329 1670 442 1744 quanto
459 1664 590 1741 mirere,
614 1663 696 1743 quod
710 1671 800 1724 exeat
814 1685 908 1742 nnuc,

194 1748 351 1808 Labantur
365 1749 425 1807 toti
440 1766 507 1806 cum
523 1749 597 1808 mihi
613 1767 706 1828 saepe
721 1747 795 1809 dies,

126 1832 220 1894 5Nou
236 1833 441 1892 resalutantes
455 1830 545 1892 rideo
560 1839 727 1893 nocturnus
742 1833 870 1907 amicos,

195 1914 344 1977 Gratulor
360 1922 392 1977 et
406 1914 527 1991 multis3
548 1935 656 1994 nemo,
679 1917 799 1993 Potite,
823 1917 906 1976 mihi.

151 1999 240 2059 Nunc
255 1998 293 2059 ad
306 1999 465 2060 luciferam
481 2001 580 2078 signat
593 2019 661 2059 mea
675 2017 792 2078 gemma
808 2001 949 2073 Dianam,

196 2083 285 2143 Nunc
300 2102 348 2142 me
363 2084 461 2163 prima
478 2084 552 2159 sibi,
573 2103 654 2144 nuuc
670 2085 728 2142 ribi
744 2085 850 2162 quinta
865 2082 954 2161 rupit.

154 2166 242 2226 Nunc
258 2166 365 2227 consul
379 2173 544 2246 praetorve
559 2172 648 2227 tenet
661 2166 855 2246 reducesque
870 2167 1017 2244 choreae,

110 2262 145 2314 10
194 2250 328 2311 Auditur
344 2257 409 2311 tota
424 2269 516 2330 saepe
531 2259 624 2330 poete
637 2250 698 2313 die.
890 2241 896 2255 '

153 2333 216 2393 Sed
230 2353 290 2394 nec
304 2332 458 2394 causidico
471 2335 571 2414 possis
588 2335 712 2414 impune
726 2352 856 2411 negare,

194 2418 260 2494 Nec
275 2419 302 2478 si
316 2427 348 2478 te
363 2418 473 2477 rhetor
485 2419 736 2496 grammaticusve
750 2426 877 2496 rogent:

153 2501 267 2562 Balnea
283 2507 354 2583 post
369 2501 517 2562 decimam
531 2500 611 2563 lasso
628 2508 811 2579 centumque
829 2507 977 2581 petuntur

195 2585 396 2661 Quadrantes.
422 2584 495 2645 Fiet
510 2585 649 2666 quaudo,
670 2585 790 2663 Potite,
811 2584 915 2646 liber?

535 2720 641 2780 LXXI.

152 2831 298 2910 Quisquis
312 2829 396 2891 loeta
409 2834 470 2891 tuis
487 2838 519 2892 et
533 2851 603 2891 sera
618 2834 798 2911 parentibus
814 2836 902 2910 optas

193 2915 285 2993 Fata,
307 2917 433 2976 brevem
448 2914 571 2976 titulum
586 2917 746 2976 marmoris
761 2915 850 2974 huius
866 2932 940 2976 amu.

150 2997 300 3059 condidit
314 2999 373 3059 hue
389 3019 474 3059 caras
488 2997 605 3059 tellure
619 2999 761 3060 Rabirius
776 3001 914 3060 umbras:

191 3081 277 3143 Nulli
293 3089 379 3142 sorte
395 3085 499 3144 iacent
513 3081 692 3144 candidiore
708 3102 809 3148 senes.

126 3167 203 3226 ollis
219 3185 273 3226 sex
288 3165 388 3227 lustra
403 3169 465 3228 tori
481 3186 541 3227 nox
555 3170 638 3227 mitis
654 3174 687 3227 et
699 3167 806 3228 ultima
821 3161 928 3245 clusit,

192 3251 348 3311 Arserunt
362 3270 423 3311 uno
437 3251 548 3311 lunera
564 3253 635 3312 bina
649 3271 735 3330 rogo.

147 3333 214 3394 Hos
228 3340 331 3394 tamen
346 3341 381 3394 ut
394 3337 503 3414 primis
516 3343 621 3415 ruptos
635 3337 694 3395 sihi
709 3335 831 3414 quaerit
843 3335 876 3392 in
891 3332 986 3392 annis.

190 3418 364 3498 improbius
378 3417 458 3479 nihil
473 3420 521 3479 iris
536 3420 660 3479 fletibus
676 3436 745 3478 esse
759 3424 872 3498 potest.
