2426 3900
461 233 505 296 Μ.
521 232 614 295 VAL.
630 231 858 294 MARTIALIS

266 382 334 445 Nou
351 390 512 464 expectete
527 383 581 445 det
593 385 668 444 mihi
683 384 763 444 ieme
773 383 861 463 iuge.
989 393 991 398 '

222 469 281 530 use
297 475 330 529 et
343 469 376 528 iu
388 469 448 527 hoe
465 466 596 547 aliquid:
617 469 696 528 vidit
709 487 757 528 me
771 469 867 529 Reme
882 471 1040 534 tribunum

136 627 138 634 Ι
181 563 217 616 10
263 553 306 612 Et
321 551 416 612 sedeo
433 572 492 632 qua
510 559 543 612 te
558 553 686 612 suscitet
701 553 851 614 Oeeauus.

225 637 308 714 Quot
321 637 397 697 mihi
412 637 565 697 caesareo
580 637 656 696 iacti
670 642 742 696 suut
756 654 884 696 munere
899 637 997 716 ciues,

265 718 331 780 Nee
344 717 474 780 famulo·
489 719 620 780 tetidem
635 721 858 800 suspiceresee
874 721 941 783 tibi,

223 803 288 865 Sed
300 802 491 884 paedicerI,
513 803 569 876 sed
581 803 729 885 pulchre,
752 802 906 883 NaeveIe,
928 809 1037 867 oeten:

265 887 326 948 Iam
340 889 400 947 iem
415 893 448 947 tu
462 889 549 967 prior
563 906 611 966 en,
634 887 785 948 Neevole:
806 889 919 966 vineis,
941 907 1004 952 uve.
1073 905 1076 910 ·

609 1021 715 1086 xcvl.

150 1181 153 1186 -
223 1135 346 1215 Liugiu,
366 1155 428 1196 uen
442 1135 537 1195 futuis
552 1153 649 1195 meum
664 1134 796 1214 puellam

224 1219 266 1279 lit
280 1219 378 1296 garris
397 1221 482 1297 quui
496 1220 643 1279 moechus
658 1225 691 1278 et
705 1220 833 1279 fututor.

225 1303 257 1362 Si
272 1308 304 1362 te
320 1302 493 1383 prendere,
517 1301 652 1382 (tergm,
676 1303 801 1364 tacebis.

599 1435 720 1498 xevu.
765 1505 768 1514 ,

222 1549 268 1611 Ne
282 1547 368 1628 legat
380 1549 462 1609 huuc
477 1547 615 1626 (ihmue,
637 1546 746 1608 maudo
762 1549 837 1626 tibi,
856 1550 952 1630 Ruie,
971 1550 1125 1618 libellum.

266 1633 410 1694 Carmine
423 1629 508 1693 laese
522 1650 591 1692 meo
606 1638 670 1710 est,
690 1630 819 1694 laedere
834 1639 867 1694 et
881 1632 935 1696 iila
949 1642 1064 1715 potest.

595 1765 728 1829 XCVIII.

224 1881 272 1941 Sit
286 1879 372 1941 euius
387 1882 445 1943 tibi
460 1899 548 1959 quem
563 1899 666 1942 macer
680 1883 836 1962 requiris?

224 1963 394 2026 Paedieere
408 1972 514 2048 potes,
538 1964 679 2044 Sabelle,
702 1965 779 2028 eulo.

605 2099 711 2162 xum.
775 2086 777 2090 ’

223 2210 317 2272 Irasci
331 2219 438 2273 nostro
453 2232 516 2273 nou
531 2211 644 2291 debes,
667 2212 779 2290 cerdo,
800 2210 920 2277 libelle.

265 2297 326 2357 Ars
340 2302 408 2376 tua,
429 2316 491 2357 nou
505 2299 568 2358 vIta
582 2304 631 2357 eet
645 2299 779 2358 earmIne
793 2296 878 2357 laesa
891 2315 970 2357 meo.

222 2380 292 2440 Non
305 2399 421 2442 nocuos
435 2383 582 2463 permitte
598 2379 688 2442 seles.
721 2382 785 2441 Cur
798 2379 908 2442 lude-re
923 2383 1013 2442 nobis

265 2465 333 2523 Non
347 2463 458 2543 liceat,
477 2465 567 2526 Iieuit
581 2467 607 2525 si
620 2465 759 2544 iugulare
776 2465 855 2525 tibii
882 2475 885 2482 ’

640 2600 674 2660 0.

223 2707 390 2770 Cursorem
406 2714 492 2770 sexta
506 2709 580 2787 tihi,
602 2711 699 2788 Rufe,
719 2711 892 2772 remisimus
911 2711 1004 2789 imre,

265 2793 409 2854 Germiua
424 2812 514 2872 quem
528 2792 682 2853 madidum
696 2801 802 2854 uestra
817 2793 926 2855 tulisse
941 2813 1027 2856 reor.

222 2875 374 2938 Imbribus
388 2876 559 2938 immodici·
574 2876 693 2938 eaelum
708 2897 778 2938 nem
795 2878 878 2940 ferte
894 2880 1012 2939 ruebat.

264 2959 332 3024 Neu
349 2960 441 3024 aliter
458 2962 539 3024 mitti
555 2960 662 3023 debuit
676 2963 736 3024 iste
751 2961 841 3024 liber.

574 3192 750 3206 m
