2500 3912
164 198 201 244 lv
552 199 760 247 PRAEFATIO.

168 342 249 414 plures
259 347 284 396 et
294 340 385 396 scholia
395 341 481 397 eodem
492 342 633 412 pertinentia
643 343 676 397 ita
693 349 858 410 accesserunt,
879 350 907 398 ut
918 360 983 399 nuno
994 344 1144 400 iereduode·

169 414 221 480 eim⁴
231 439 311 480 rerum
329 424 530 480 luvenalianamm
548 432 623 480 testes
636 427 777 490 habeamus,
797 426 923 498 dequibus
935 433 961 482 et
974 427 1106 498 Pinzgerus
1119 429 1143 482 in

167 509 187 564 l.
200 508 257 563 Chr.
269 507 335 564 labo.
346 507 376 562 N.
387 508 470 563 huual.
483 511 550 566 1835
561 509 588 565 Τ.
600 509 660 574 llll,
675 525 701 580 p.
714 514 764 569 261
776 526 828 582 sqq.
841 515 866 564 et
876 525 920 566 nos
933 510 1074 567 inProoem.
1085 511 1143 570 leot.

169 591 236 646 Gott.
255 595 325 650 1843
342 591 445 663 amplius
462 591 648 663 disputavimus,
669 608 800 664 eorumque
815 599 908 664 septem
923 594 995 649 etiam
1008 592 1037 648 0.
1049 593 1144 649 Iahnius

169 676 199 730 ad
209 674 319 730 editionis
329 689 387 729 suae
403 676 494 730 oaloem
510 676 627 738 subierim
646 677 688 748 qui
699 677 740 732 ubi
756 677 861 731 interae
876 679 1042 741 consentiunt,
1061 677 1144 748 utique

168 759 301 828 locupletes
317 758 467 814 existimandi
483 765 554 826 sunt,
571 760 609 814 sin
625 759 779 824 dissentiunt¹
798 759 891 815 nubum
911 760 969 816 adeo
987 775 1045 830 prae
1055 761 1144 814 ceteris

169 841 313 897 eminentem
330 841 446 908 offerunt,
463 847 543 899 ntaut
558 843 655 897 omnino
678 844 759 898 autin
776 843 917 916 grauissima
934 843 981 898 hae
997 844 1143 915 quaestione,

168 939 228 998 quae
238 925 267 980 ad
279 925 377 980 erilium
393 931 479 995 poetae
490 933 596 996 spectat,
612 927 677 981 illins
687 927 767 996 potius
782 927 854 983 iidem
871 942 942 998 quam
958 934 1067 984 nostrum
1083 927 1144 982 iudi-

168 1009 233 1063 eium
244 1009 312 1081 sequi
321 1009 457 1064 debeamus.
490 1007 577 1072 Quain
588 1011 726 1080 quaestione
735 1010 784 1064 boo
792 1010 889 1082 quidem
906 1012 969 1066 inter
984 1025 1068 1065 omues
1086 1025 1145 1065 oon·

168 1097 228 1156 stat,
249 1091 386 1147 iuvenalem
402 1091 432 1147 ab
451 1092 615 1162 imperatore,
627 1093 696 1148 cuius
710 1093 771 1148 iram
785 1093 825 1148 uel
840 1094 1002 1164 suspicionem
1012 1108 1144 1164 pantorum

167 1191 281 1230 versuum
291 1175 363 1230 satira
372 1176 410 1231 vel
421 1177 595 1248 epigrammate
604 1177 732 1241 movisset,
750 1177 796 1231 sub
807 1178 888 1248 speeie
900 1177 998 1232 honoris
1008 1183 1034 1232 et
1044 1177 1145 1232 obtentu

168 1258 292 1313 militialae
302 1260 327 1313 in
338 1264 459 1314 extremos
469 1260 562 1329 imperii
571 1259 633 1314 fines
643 1259 782 1332 ablegatum
792 1274 852 1327 esse,
864 1275 943 1332 neque
953 1260 984 1314 de
999 1275 1071 1315 eausa
1081 1259 1144 1314 ibim

169 1343 218 1396 irae
230 1342 391 1397 controversia
402 1347 451 1407 est,
468 1343 526 1414 quin
535 1342 608 1398 iidem
618 1358 701 1399 versus
712 1343 815 1406 luerim,
828 1359 888 1414 quos
903 1358 968 1398 nune
983 1341 1034 1397 Sat.
1046 1342 1096 1397 Vll.
1109 1345 1143 1398 90

172 1429 250 1484 -92
266 1426 369 1480 insertos
378 1424 491 1480 Paridem
501 1427 676 1496 pantomimum
694 1427 718 1481 in
734 1426 864 1483 Domitiani
882 1427 935 1482 aula
950 1425 1144 1497 potentissimum

169 1509 257 1564 acerbe
268 1523 365 1579 carpere
375 1509 497 1573 videmus,
514 1509 578 1566 unde
594 1511 667 1565 etiam
677 1509 759 1566 Sidon.
772 1509 849 1580 Apoll.
861 1509 904 1566 lx.
915 1510 967 1567 266
981 1509 1039 1564 irati
1048 1509 1144 1564 tomm-

167 1592 309 1648 ananam
322 1592 461 1663 appellavit:
478 1599 502 1648 at
519 1600 543 1648 at
553 1593 584 1648 de
595 1593 649 1649 loeo
659 1595 724 1649 exilii
740 1599 766 1648 et
776 1593 807 1648 de
817 1594 960 1664 imperatore
969 1593 1015 1662 ipsi
1023 1605 1143 1664 gramma·

167 1677 210 1730 tici
220 1675 280 1731 adeo
291 1676 353 1730 inter
362 1691 389 1730 se
400 1675 542 1747 discrepant,
554 1683 582 1732 ut
591 1678 638 1732 nisi
647 1677 746 1733 internis
756 1678 905 1749 argumentis
914 1676 1025 1732 adhibitis
1034 1676 1143 1730 stabilem

168 1759 201 1814 rei
212 1759 343 1831 imaginem
354 1759 480 1830 concipere
492 1776 541 1816 non
558 1761 636 1816 liceat.
667 1760 781 1825 Quamvis
790 1760 854 1816 enim
869 1775 970 1816 numero
980 1759 1076 1830 plurimi
1085 1773 1143 1829 poe·

168 1851 218 1897 tam
229 1843 401 1915 inaegyptum
412 1843 513 1898 missum
525 1859 578 1898 esse
587 1844 690 1908 tradant,
702 1851 823 1899 tamenne
835 1843 861 1899 bi
871 1843 967 1916 melem
977 1845 1039 1898 inter
1049 1858 1076 1898 se
1086 1857 1143 1898 oon·

168 1927 286 1989 sentiunt,
307 1927 350 1983 sed
367 1941 441 1998 quum
453 1926 492 1982 alii
508 1933 639 1984 extremam
648 1928 753 2000 Aegypti
765 1935 858 1998 partem
874 1933 916 1982 aut
926 1927 1046 1984 ciuitatem
1056 1925 1143 1980 lloasin

169 2009 264 2077 (Sohol.
276 2009 296 2062 l.
311 2012 341 2079 l)
353 2011 391 2065 vel
408 2009 487 2065 lloasa
497 2009 593 2077 (Sahal.
605 2011 645 2065 lV.
657 2013 705 2080 38)
723 2011 860 2078 nominent,
879 2009 966 2066 Suidas
988 2024 1044 2066 oum
1060 2009 1144 2064 Malaia

168 2092 352 2164 ohronographo
361 2093 392 2148 de
399 2093 536 2149 Domitiano
541 2095 650 2166 loquens,
659 2085 740 2160 ὅστις,
752 2094 836 2165 inquit
843 2088 969 2164 βασιλεὺς
976 2086 1084 2161 ἐξώρισε
1094 2109 1143 2145 aaa

166 2169 386 2248 inoperationem
399 2171 570 2232 Πενταπόλει
581 2170 626 2233 ἐπὶ
635 2171 687 2248 τὴν
697 2171 817 2250 Λιβύηνε
830 2184 878 2231 tres
888 2173 1081 2248 deniqueSeett‘ea'
1090 2174 1144 2230 terli

165 2261 355 2333 praeposituram
364 2261 403 2316 uel
417 2261 590 2332 praefecturam
601 2262 704 2318 militum
715 2276 771 2318 eum
786 2261 1025 2331 amepissenarrant3
1042 2259 1144 2329 impera·

167 2353 246 2400 torem
262 2351 342 2400 autem
354 2345 414 2400 alius
424 2345 551 2402 Claudium
570 2345 703 2411 Neronem,
722 2345 781 2401 alius
790 2344 930 2412 Traianum,
943 2344 1040 2415 plurimi
1050 2349 1145 2398 tantum

171 2428 336 2484 Domitianum
346 2435 495 2492 memorant;
505 2445 583 2502 neque
593 2431 653 2487 adeo
664 2436 759 2500 tempus
770 2429 834 2484 exilii
850 2427 935 2484 iisdem
945 2427 1033 2484 finibus
1043 2429 1144 2483 oiroum-

168 2511 288 2574 soribunt,
305 2512 370 2582 quod
386 2528 461 2582 quum
479 2529 542 2568 unus
552 2513 582 2567 ab
592 2519 699 2568 exmema
709 2512 838 2567 Domitiani
856 2517 1019 2582 aetatemque
1029 2511 1060 2565 ad
1070 2511 1145 2566 huto·

168 2597 251 2649 ninum
257 2593 327 2650 Pium
338 2595 457 2658 extendat,
468 2595 508 2652 alii
518 2596 613 2650 exulem
623 2596 685 2650 iutra
695 2595 862 2652 brevissimum
871 2601 967 2665 tempus
977 2593 1044 2650 senio
1056 2608 1084 2648 ao
1094 2599 1145 2648 tae·

168 2679 208 2733 dio
218 2679 282 2732 vitae
290 2677 424 2749 meotbque
434 2679 584 2752 aegritudine
594 2678 748 2750 absumptum
756 2679 904 2750 perhibeant,
918 2685 955 2734 ast
965 2678 1038 2734 etiam
1048 2675 1145 2750 quilin-

168 2775 233 2815 mam
243 2775 380 2825 reversum,
399 2778 470 2835 mmm
487 2759 619 2818 Martialem
634 2779 703 2819 amma
718 2779 768 2818 mua
783 2764 884 2828 videram
904 2778 968 2818 anuo
985 2763 1071 2818 aetatis
1086 2776 1145 2816 mae

169 2845 243 2900 altem
253 2845 439 2917 etoemapert'am
449 2845 575 2902 emathiam
585 2863 675 2920 araphae
686 2847 790 2921 periisse
798 2855 885 2903 narrat.
903 2845 935 2900 Et
944 2846 974 2902 de
980 2847 1064 2902 aetatis
1074 2860 1144 2911 anno,

168 2943 241 3000 quem
256 2935 329 3000 poeta
343 2929 463 3000 attigerit,
476 2929 560 3001 reliqui
571 2945 666 3003 quoque
675 2932 709 2987 ita
718 2937 743 2986 et
751 2932 813 2986 inter
822 2945 850 2987 se
860 2937 884 2986 et
895 2929 1086 3002 enanorgbeeii
1096 2928 1145 2982 eal-

170 3012 230 3067 oulis
240 3017 391 3084 oongruuut,
406 3019 434 3068 ut
449 3015 575 3086 octoginta
592 3015 693 3085 amplius
710 3030 785 3070 annos
805 3022 890 3071 natum
904 3013 1040 3069 Iuvenalem
1057 3011 1145 3068 obiisse

168 3111 212 3166 pro
224 3095 348 3167 explorato
359 3097 543 3168 ponerelioeat;
561 3098 585 3154 id
602 3099 682 3170 ipsum
697 3105 779 3154 tamen
794 3098 815 3154 si
834 3098 1014 3168 amplectimur,
1032 3111 1090 3152 sane
1100 3095 1145 3150 mi·

168 3194 224 3234 rum
235 3186 272 3234 est
288 3193 370 3235 senem
385 3182 581 3254 octogenarium,
602 3182 643 3254 qui
660 3183 754 3239 nubum
771 3188 841 3238 antea
852 3181 950 3238 militiae
962 3181 1084 3250 specimen
1095 3179 1145 3233 edi·

168 3263 255 3327 disset,
275 3262 368 3320 ooborti
384 3265 409 3321 iu
425 3267 539 3322 extremis
553 3267 646 3336 imperii
661 3265 748 3322 finibus
765 3265 874 3322 tendenti
889 3265 941 3320 sine
958 3264 1045 3319 horum
1062 3261 1145 3318 finium

167 3347 275 3416 periculo
287 3347 382 3418 praebri
392 3350 514 3420 potuisse;
531 3365 578 3405 nec
587 3350 667 3405 minus
682 3349 742 3405 illud
752 3350 878 3414 miramur,
890 3349 954 3421 quod
972 3347 1017 3402 etsi
1028 3345 1081 3402 Sat.
1093 3345 1144 3402 xv,

168 3431 213 3486 suh
223 3430 341 3487 lladriano
351 3433 465 3504 scriptam
475 3448 529 3491 esse
533 3433 621 3490 lunens
631 3433 715 3488 oonsarl
728 3433 823 3496 erinoit,
835 3432 979 3489 Hadrianum
987 3431 1052 3486 exilii
1062 3437 1145 3486 aueto-

168 3529 220 3570 rem
231 3530 301 3570 nemo
312 3517 382 3571 testis
390 3517 500 3588 prodidit,
512 3517 600 3574 sedvel
611 3515 789 3587 quiversioulos
799 3517 858 3573 olim
868 3523 951 3573 matra
958 3515 1068 3573 Paridem
1078 3529 1146 3571 com-
