2426 3900
350 211 687 274 EPIGRAMMATON
700 213 774 276 Llll.
791 214 812 273 l.

122 367 229 428 5Ante
243 367 329 425 fores
344 369 477 424 stantem
492 362 613 424 dubitas
629 363 794 425 admittere
809 366 932 428 Famam

188 450 299 528 Teque
314 450 403 529 piget
421 467 512 508 curae
528 449 665 527 praemia
678 447 765 509 ferre
780 450 874 510 tuue‘t

143 535 221 595 Post
232 538 267 592 te
283 533 421 591 victurae
435 549 493 610 per
506 537 539 590 te
555 550 677 610 quoque
690 533 795 593 virere
811 535 937 595 chartae

187 617 354 697 Incipiunt:
377 615 476 675 cineri
491 612 592 694 gloria
607 633 677 675 sera
690 617 784 676 veuit.

528 726 636 792 XXVI.

144 824 336 903 Sextiliane,
358 826 438 885 bibis
453 831 599 903 quantum
612 823 759 885 subsellia
774 827 910 906 quinque

190 907 299 969 Solus:
320 928 397 987 aqua
410 909 526 967 totiens
541 909 646 968 ebrius
662 927 731 968 esse
745 922 852 988 potes3

144 993 211 1054 Nee
226 1011 442 1053 consessorum
456 992 556 1051 vicina
569 993 749 1051 nomismata
761 999 895 1072 tantum,

188 1078 271 1136 Aera
285 1074 342 1135 seo
357 1097 374 1136 a
388 1076 493 1135 cuneis
509 1074 659 1134 ulteriora
673 1076 762 1137 bibis.

122 1161 214 1224 5Non
230 1162 307 1220 huec
321 1159 458 1236 Pelignis
473 1159 573 1237 agitur
587 1157 740 1218 vindemia
754 1160 869 1241 praelis

188 1246 254 1305 Uva
267 1262 326 1303 nec
340 1245 373 1304 iu
389 1243 500 1304 Tuscis
514 1244 651 1303 nascitur
667 1244 726 1303 ista
741 1244 836 1322 iugis,

145 1328 243 1388 Testa
257 1326 314 1387 sed
329 1328 446 1406 antiqui
460 1325 535 1386 felix
554 1327 686 1386 siccatur
701 1327 820 1407 Opimi,

186 1413 297 1490 Egerit
310 1417 343 1471 et
355 1411 461 1490 nigros
475 1409 609 1469 Massica
620 1408 701 1469 cella
715 1410 817 1472 cados.

143 1497 169 1558 A
187 1514 307 1576 copone
323 1496 379 1554 tibi
396 1495 466 1554 faex
478 1493 626 1554 Laletana
643 1499 784 1574 petatur,

101 1592 136 1644 ιο
187 1579 220 1638 Si
236 1577 306 1658 plur
324 1598 413 1657 quam
428 1577 571 1655 deciens,
594 1577 779 1657 Sextiliane,
800 1580 891 1642 bibis.

519 1689 641 1752 XXVll.

143 1791 302 1850 Hesterna
315 1791 372 1849 tibi
386 1795 478 1849 nocte
494 1789 684 1869 dixeramus,

144 1875 339 1952 Quincunces
355 1880 429 1953 puto
445 1879 516 1952 post
531 1871 638 1933 decem
653 1880 815 1953 peractos,

144 1961 283 2034 Cenares
299 1957 410 2037 hodie,
430 1956 584 2034 Procilio,
606 1976 734 2018 mecum.

145 2043 196 2103 'l'u
214 2042 326 2102 fuctum
340 2043 398 2102 tibi
413 2059 481 2101 rem
496 2042 599 2100 statim
612 2043 727 2122 putasti

119 2128 188 2188 slot
201 2145 263 2185 non
278 2126 381 2186 sobria
394 2127 489 2185 rerba
503 2126 674 2185 subnotasti

141 2206 294 2291 Exemplo
310 2210 435 2269 nimium
449 2206 640 2289 periculoso:

143 2293 246 2354 Moooi
262 2284 416 2372 μνάμονα
432 2284 623 2371 συμπόταν,
645 2289 791 2351 Procille.

511 2425 646 2488 XXVlll.

141 2538 299 2598 Hesterno
314 2539 417 2600 fetere
432 2556 518 2597 mero
536 2538 589 2617 qui
604 2536 705 2598 credit
718 2536 882 2615 Acerram,

185 2620 335 2683 Fallitur:
357 2625 389 2682 in
403 2620 504 2682 lucem
519 2640 642 2702 semper
659 2622 778 2681 Acerra
792 2622 880 2684 bibit.

526 2755 634 2816 XXlX.

140 2869 236 2928 Fama
249 2869 351 2928 refert
365 2874 489 2928 nostros
504 2874 553 2946 te,
567 2867 752 2945 Fidentine,
772 2864 896 2927 libellos

184 2951 252 3011 Non
269 2951 360 3012 aliter
373 2949 490 3032 populo
505 2971 596 3031 quam
610 2953 745 3011 recitare
759 2957 838 3012 tuos.

139 3035 176 3096 Si
190 3037 318 3096 meanis
334 3034 413 3111 dici,
433 3036 528 3114 gratis
543 3036 600 3095 tibi
615 3035 749 3094 carmina
762 3036 895 3095 mittum:

185 3117 218 3178 Si
235 3118 297 3179 (lici
313 3125 365 3179 tua
379 3120 444 3196 via,
465 3137 520 3195 en,
543 3137 630 3196 eme,
651 3139 691 3180 ne
705 3137 773 3179 mea
787 3120 860 3180 siut.

534 3252 628 3315 XXX.

136 3367 312 3446 Chirurgus
329 3367 448 3445 fuerat,
469 3387 551 3427 nunc
566 3375 615 3428 cst
627 3366 751 3447 vispillo
766 3363 902 3430 Diaulus.

184 3451 299 3533 Coepit
315 3469 376 3529 quo
390 3458 515 3531 poterat
528 3450 657 3511 clinicus
673 3469 742 3510 esse
756 3447 856 3508 modo.

94 3536 207 3600 Maur.
875 3529 895 3588 2

1064 214 1102 281 17
