2392 3888
271 197 278 210 ,
316 122 826 186 nr1onsr1r1nronnm.vn.

85 283 122 335 15
132 271 199 334 Sed
212 271 306 353 plane
321 272 439 334 medias
455 257 545 334 rorat
556 272 683 353 puellas.

132 357 173 416 lli
188 360 325 417 mentem
337 359 395 418 tibi
410 357 486 417 dent
500 364 598 435 tuam,
621 357 780 437 Philaeni,

133 440 276 500 Gnnnnm
293 439 415 530 lingere
432 459 510 519 qaae
523 447 612 521 putas
629 441 728 502 virile.

507 574 639 635 LXVIII.

133 663 360 749 Commendare
375 705 474 765 meas,
495 687 626 747 Instanti
640 688 737 766 Rufe,
760 688 909 750 Camenas

174 771 274 831 Parce
288 789 401 851 precor
416 771 540 830 socero:
562 772 644 831 seria
658 771 762 832 forsan
778 781 866 834 amat.

133 854 267 930 Quodsi
282 852 413 915 lascivos
428 853 562 914 admittit
576 863 610 916 et
625 853 682 914 ille
696 849 839 933 libellos,

175 938 262 999 Haec
277 957 334 1016 ego
349 935 399 998 vel
415 937 509 998 cario
524 938 731 1016 Fabricioque
744 938 856 1019 legam.

517 1071 623 1132 LXIX.

131 1185 219 1243 Haec
234 1188 284 1242 est
299 1181 355 1242 illa
370 1184 426 1243 tibi
440 1183 592 1263 promissa
606 1181 797 1262 Theophila,
818 1183 910 1261 cani,

177 1266 271 1327 Cuius
288 1266 439 1347 Cecropia
452 1273 580 1347 pectora
593 1284 669 1326 voce
684 1265 816 1327 madent.

130 1350 221 1410 llanc
236 1351 297 1411 sibi
309 1351 378 1411 iure
388 1356 476 1430 petat
489 1351 590 1429 magni
606 1352 688 1410 senis
703 1350 825 1410 Atticus
839 1351 964 1429 hortas,

175 1433 241 1495 Nec
255 1435 355 1494 minas
370 1453 439 1494 esse
459 1454 543 1494 snam
558 1435 662 1493 Stoica
676 1435 767 1493 turba
780 1432 864 1496 velit.

110 1518 230 1580 5Vivet
245 1537 321 1598 opus
337 1517 542 1598 qaodcunque
557 1536 614 1598 per
629 1518 686 1576 has
702 1517 842 1576 emiseris
857 1536 965 1593 anres;

120 1674 124 1682 Ι
177 1601 256 1660 Τ11111
269 1621 332 1661 non
345 1602 530 1679 femineum,
553 1619 612 1660 nec
626 1599 778 1681 populare
793 1601 881 1681 sapit.

130 1684 202 1745 Non
215 1691 268 1744 tna
281 1685 447 1746 Pantaenis
460 1686 587 1745 nimiam
601 1702 634 1744 se
647 1684 806 1764 praeierat
819 1683 883 1763 illi,

175 1769 316 1844 Quamvis
331 1769 435 1829 Plerio
449 1771 490 1829 sit
504 1771 585 1829 bene
599 1774 672 1828 nota
686 1770 790 1828 choro.
883 1835 885 1838 v

131 1853 277 1912 carmina
290 1853 459 1931 fingentem
474 1853 597 1934 Sappho
610 1849 747 1912 laudarit
761 1854 903 1914 amatrix:

81 1947 123 2000 10
175 1936 297 1995 castior
311 1937 405 2015 haec,
426 1943 459 1997 et
473 1956 534 1996 non
550 1935 671 1996 doctior
685 1933 739 1995 illa
754 1936 822 1996 init.

527 2054 620 2118 LXX.

128 2164 269 2242 lpsarnm
283 2163 438 2224 tribadum
452 2167 567 2244 tribas,
588 2164 748 2244 Philaeni,

128 2246 246 2327 Recte,
270 2266 358 2327 qaam
372 2249 484 2328 futuis,
505 2267 595 2308 vocas
611 2250 743 2309 amicam.

517 2395 635 2458 cxxi.-

129 2509 243 2568 Ficosa
259 2511 308 2566 est
320 2526 413 2586 uror,
434 2509 547 2568 ficosus
562 2511 676 2589 etipse
691 2509 835 2586 maritus,

173 2590 255 2650 Filia
269 2591 364 2650 ficosa
378 2597 428 2652 est
442 2598 476 2652 et
493 2610 589 2671 gener
602 2599 694 2672 atqne
708 2595 821 2672 ne'pos,

48 2677 51 2684 '
130 2674 199 2734 Nec
215 2673 410 2753 dispensator
424 2694 483 2735 nec
497 2676 607 2737 rilicns
621 2675 727 2736 ulcere
741 2678 847 2756 tnrpi,

174 2757 240 2817 Nec
253 2757 372 2836 rigidus
386 2760 505 2839 fossor,
528 2761 584 2820 sed
598 2777 656 2820 nec
672 2763 773 2819 arator
789 2765 869 2837 eget.

101 2842 212 2906 50nm
227 2843 290 2902 sint
303 2843 391 2902 ficosi
406 2845 525 2924 pariter
540 2845 729 2922 invenesqne
744 2860 914 2928 senesque,

172 2926 237 2985 Res
251 2927 329 2986 mira
344 2931 408 3006 est,
429 2928 505 2987 ficos
519 2946 581 2987 non
594 2919 690 2987 habet
703 2939 781 2986 nnus
796 2943 878 3006 ager.

507 3059 627 3122 LXXII.

130 3173 307 3234 1111111111
321 3173 396 3251 tibi,
418 3161 532 3250 Panle,
546 3173 596 3233 sit
609 3173 799 3250 December,

122 3257 196 3318 Nec
209 3257 278 3317 vani
293 3255 435 3337 triplices
451 3258 624 3335 brevesque
639 3273 784 3337 mappae,

121 3341 195 3402 Nec
209 3342 289 3402 turis
306 3341 427 3402 veniant
441 3336 527 3400 leves
543 3338 692 3414 selibrae,

1032 123 1092 188 tot
