2500 3912
15 237 17 246 ‘
136 285 138 288 ,
180 231 269 278 XVIII
362 231 365 236 '
571 229 779 280 PRAEFATIO.

116 360 118 366 ’
179 374 340 445 disputatione
352 371 525 428 emendandum
543 372 674 441 est,'ulv.
688 376 735 437 ⁷5,
753 375 777 428 in
795 391 842 446 quo
860 383 917 432 tunc
927 383 1027 446 uterque
1038 376 1159 448 vulgatam

179 458 308 514 lectionem
317 455 482 528 sequebamur,
495 458 542 511 iam
553 472 610 512 cum
620 455 701 512 labnio
716 455 823 513 blercerii
834 459 954 514 medelam
964 459 1066 529 amplexi
1078 459 1158 517 Ombi-

178 550 256 597 tarum
274 547 299 596 el
309 539 484 612 Tentyritarum
508 546 589 611 partes
606 546 782 611 permutemus,
806 557 928 615 quumque
944 542 998 598 illos
1014 543 1157 600 crocodilum

179 625 294 690 coluisse,
306 625 351 679 hos
362 624 527 695 perhorruisse
539 631 633 680 eertum
642 625 687 688 sit,
700 623 795 679 illorum
807 627 887 696 potius
900 626 964 682 diem
975 625 1064 680 lestum
1075 626 1104 681 ab
1114 627 1157 692 bis,

177 724 226 763 uon
244 709 330 763 borram
352 707 440 764 abillis
454 707 576 763 turbatum
591 719 670 779 neque
681 705 790 763 (liabitas
804 723 816 762 a
828 709 957 781 l'eotpritis
972 709 1014 764 sed
1027 709 1159 782 Tentyrites

178 791 207 846 ab
215 789 318 847 Ombitis
329 792 427 864 fugatos
439 805 491 846 esse
501 797 648 854 statuamus;
662 792 695 848 ita
705 806 761 846 uero
772 791 843 846 etiarn
855 792 1001 862 probabilior
1011 799 1096 864 poetae
1107 811 1159 848 nar·

177 876 237 930 ratio
249 876 344 940 existet,
356 891 402 947 qua
414 881 541 946 postquam
552 876 686 930 universam
693 876 866 946 Aegyptiarum
883 876 1028 948 religionum
1045 877 1158 932 insaniam

176 959 268 1014 notavit
279 958 317 1025 (u.
330 960 462 1029 1—26),
479 965 602 1014 cruentam
613 959 689 1014 rixam
709 960 839 1014 exmutuis
857 959 985 1016 earundem
1003 959 1064 1015 odiis
1080 962 1159 1016 oriun-

177 1043 232 1098 dam
242 1043 341 1112 exponit
352 1042 389 1109 (r.
398 1045 432 1102 27
440 1073 481 1083 -
488 1044 551 1112 76).
572 1043 641 1098 cuius
652 1041 691 1098 bic
702 1044 781 1098 exitus
790 1043 877 1108 luerit,
890 1051 918 1098 ut
927 1044 1031 1099 uictores
1042 1059 1118 1098 unum
1130 1060 1159 1100 ex

173 1127 253 1193 ¹uictis,
268 1121 341 1198 que'rn
350 1127 432 1182 vivum
443 1125 570 1196 cepissent,
585 1127 696 1182 manibus
707 1127 758 1183 suis
768 1126 915 1198 discerptum
926 1127 1066 1182 devorarent
1078 1128 1114 1194 (v,
1125 1132 1158 1187 77

177 1211 272 1278 ——92)
291 1223 366 1281 eaque
376 1225 403 1264 re
414 1209 506 1264 lacinus
525 1210 636 1277 ederent,
655 1211 694 1264 cui
711 1211 840 1266 similaris
857 1209 962 1266 leramm
979 1212 1090 1282 gentium
1108 1227 1158 1265 me·

148 1347 149 1350 ,
177 1293 252 1348 moria
268 1293 392 1348 dirissimis
409 1291 559 1362 temporibus
575 1299 657 1348 nosset
679 1293 715 1359 (v.
732 1294 900 1361 ear—115),
917 1292 1090 1348 humanitatem
1102 1309 1157 1347 vero

176 1375 240 1449 quod
258 1377 337 1448 magis
353 1377 453 1432 uiolaret
468 1376 568 1431 inveniri
587 1377 646 1433 nilril
665 1384 748 1446 posset
770 1375 811 1442 (v.
825 1377 1012 1445 116-174).
1042 1375 1157 1431 Incertior

175 1468 257 1516 sertor
268 1459 372 1516 manoe
386 1461 455 1532 origo
472 1466 521 1524 est,
540 1475 611 1532 quam
622 1461 662 1533 qui
682 1458 836 1530 exploderent
855 1458 1019 1530 luvenalisque
1035 1473 1088 1514 esse
1105 1461 1158 1515 nol-

176 1544 239 1609 lent,
259 1546 306 1600 iam
318 1544 445 1601 scholiasta
457 1543 536 1607 nouit;
548 1544 648 1600 eandem
657 1551 738 1599 tamen
755 1543 776 1598 si
786 1541 921 1600 inchoatam
938 1559 987 1599 non
999 1542 1134 1598 absolutam
1145 1559 1157 1598 a

175 1636 247 1698 poeta
257 1634 390 1684 statuamus
400 1673 406 1694 ,
418 1643 449 1683 ne
460 1628 523 1684 illius
534 1627 630 1700 quidem
639 1627 732 1700 ingenii
741 1627 850 1699 vestigiis
861 1641 941 1682 carere
952 1628 1013 1683 scite
1023 1625 1051 1684 G.
1063 1625 1091 1682 E.
1099 1627 1157 1682 We-

176 1713 247 1766 benis
256 1712 280 1766 in
291 1711 320 1768 N.
334 1712 417 1768 dunal.
430 1715 497 1770 1841
509 1711 536 1767 T.
548 1708 652 1776 xxxu,
665 1727 689 1782 p.
700 1717 753 1770 150
762 1725 813 1782 sqq.
825 1710 999 1768 animaduertit.
1026 1711 1085 1783 Agit
1094 1711 1158 1766 euim

176 1796 207 1851 de
217 1795 351 1852 commodis
360 1797 422 1851 vitae
432 1796 555 1863 militaris,
570 1795 612 1851 sed
624 1796 656 1851 ita
667 1803 694 1850 ut
704 1795 766 1850 inter
776 1794 897 1850 simulatas
908 1793 979 1850 buius
996 1795 1079 1851 laudes
1089 1809 1158 1866 prae·
1237 1839 1238 1856 ,

176 1880 246 1948 cipue
261 1879 319 1934 iuris
337 1880 487 1952 iniquitatem
504 1879 637 1944 describat,
656 1896 703 1951 qua
720 1879 808 1950 pagani
826 1893 882 1934 cum
901 1878 1017 1934 militibus
1027 1879 1159 1950 comparati
1237 1871 1238 1944 f

175 1962 356 2034 premebantur;
367 1963 432 2036 quod
442 1958 488 2018 nisi
496 1965 549 2034 quis
562 1963 649 2020 tionis
660 1964 806 2018 mentionem
812 1967 880 2020 inda
891 1963 1047 2032 senispoetac
1057 1975 1158 2032 persona
1237 2003 1238 2032 ,

157 2049 302 2104 abhorrere
319 2047 452 2112 censuerit,
475 2062 553 2118 neque
568 2049 592 2102 in
609 2053 753 2118 argumento
776 2061 854 2118 neque
870 2047 895 2100 in
911 2047 1060 2117 singulamm
1076 2061 1158 2100 rerunt

174 2133 316 2188 tractatione
327 2131 457 2204 quidquam
468 2131 585 2197 inveniet,
597 2131 661 2202 quod
673 2131 745 2185 scribi
759 2129 789 2185 ab
806 2131 853 2184 boc
862 2128 970 2200 potuisse
981 2137 1046 2184 recte
1058 2136 1139 2202 neget.
1237 2140 1238 2194 l

257 2216 375 2272 luvenalis
392 2214 477 2271 satiras
488 2213 643 2286 sequentibus
660 2229 755 2286 quoque
767 2214 854 2268 seculis
871 2213 988 2283 placuisse
1000 2214 1089 2285 insigni
1099 2214 1157 2267 nm·
1237 2237 1238 2288 3

175 2300 246 2354 miani
257 2297 387 2356 llarcelliui
398 2299 536 2355 testimonio
548 2298 732 2370 cognoscimus,
745 2298 786 2370 qui
795 2296 900 2352 llllVlll.
913 2300 931 2353 4
945 2297 983 2351 vel
995 2297 1037 2368 qui
1052 2297 1157 2368 alioquin

175 2383 297 2438 doctrines
312 2390 439 2441 meamne
449 2383 633 2449 detestarentur,
650 2380 783 2437 iuvenalem
798 2379 934 2436 aaaron
944 2369 1075 2436 Marianon
1086 2397 1154 2436 cura·
1237 2379 1238 2448 ζ

174 2468 233 2520 tiore
244 2467 323 2521 sardio
336 2467 413 2538 lepore
422 2472 514 2529 narrat,
533 2467 601 2521 nobo
620 2466 739 2522 nobrrnr'rro
751 2472 849 2538 promer
863 2464 920 2519 boec
938 2465 965 2519 io
971 2466 1095 2537 pausando
1110 2465 1157 2518 olio
1237 2497 1238 2540 1

174 2555 357 2612 contionantem
374 2565 420 2604 nec
435 2550 456 2604 si
472 2548 517 2602 bos
534 2549 597 2604 idern
616 2550 763 2618 turpitudine
780 2549 859 2618 potius
877 2555 1075 2620 argumentorum
1093 2548 1158 2602 allici
1237 2577 1238 2598 r

174 2631 294 2704 significat
306 2631 389 2706 (quom
400 2632 428 2687 ob
439 2648 541 2697 emesan
553 2648 602 2688 non
612 2632 720 2688 irtdicr‘eb'
729 2639 765 2688 est
774 2633 872 2701 nostri),
886 2632 945 2687 alies
954 2632 1077 2687 ¹cortsora'oe
1087 2631 1158 2686 lentae

172 2716 286 2789 pudorem
305 2733 329 2771 rn
348 2732 378 2772 eo
389 2715 536 2772 desiderasse
552 2716 656 2772 ostendit
675 2715 749 2772 Rutil.
761 2716 855 2771 Namat.
867 2716 947 2774 itiner.
966 2716 1063 2778 1.604;
1081 2717 1157 2770 immo
1237 2741 1238 2744 ¹

174 2816 204 2856 ne
213 2801 279 2855 taciti
290 2801 385 2872 quidem
396 2801 500 2856 nominis
513 2793 680 2857 auctoritatem
698 2801 804 2856 eruditos
814 2801 908 2872 fugisse
918 2798 1054 2855 Macrobius
1066 2800 1156 2871 arguit,
1237 2836 1238 2850 r

174 2885 214 2956 qui
221 2882 305 2938 Soron.
318 2883 432 2955 Scipi&
443 2885 549 2941 decimae
559 2886 645 2940 satirae
656 2884 727 2940 verba
738 2885 830 2940 omciot
839 2883 921 2948 iroaci,
935 2884 1015 2955 cipiet
1023 2881 1085 2938 nibil
1094 2890 1158 2938 tam-

174 2983 244 3040 quam
255 2967 330 3039 urlgo
346 2976 404 3024 nota
415 2977 529 3040 usurpat:
540 2976 615 3041 utque
626 2970 797 3042 grammaticos
807 2967 909 3031 mittam,
923 2968 994 3022 etiam
1006 2967 1085 3022 medio
1097 2981 1157 3022 aevo

173 3066 247 3122 quum
263 3051 293 3107 ab
311 3053 363 3108 aliis
378 3053 548 3126 scriptoribus,
568 3053 634 3110 Beda
645 3051 791 3118 Venerabili,
809 3051 969 3121 liutprando,
988 3051 1080 3105 Adamo
1096 3050 1158 3106 Bre-

174 3136 249 3190 mensi
261 3136 348 3206 passim
360 3137 475 3200 laudatur,
488 3144 540 3193 turn
552 3154 566 3193 a
576 3136 664 3192 loanne
672 3135 840 3192 Sarisbariensi
855 3135 889 3189 ita
899 3135 950 3190 fere
961 3141 1116 3201 memoratur,
1130 3141 1159 3192 ut

172 3217 275 3289 simplici
296 3219 367 3276 oldai
383 3221 480 3276 nomine
490 3223 566 3294 vulgo
589 3228 674 3277 notum
690 3221 764 3276 fulssc
780 3219 952 3290 intelligamus.
985 3217 1074 3273 Verum
1091 3219 1157 3274 enim

173 3315 229 3358 vero
241 3304 287 3359 bos
294 3320 378 3360 omnes
388 3321 438 3360 non
447 3321 618 3378 usquequaque
625 3303 861 3361 eundemuerbonrm
868 3311 976 3358 tenorem
987 3302 1086 3374 legisse,
1097 3317 1158 3374 qua-

174 3388 203 3443 lis
218 3403 249 3442 ex
259 3396 345 3458 poetae
356 3389 466 3446 manibus
475 3390 616 3460 prodiisset,
635 3389 706 3444 certis
722 3387 831 3458 vestigiis
849 3392 956 3447 constat:
974 3399 1035 3456 quae
1052 3385 1158 3441 dubitari

173 3487 222 3528 non
233 3473 314 3528 sinunt
326 3473 383 3545 quin
399 3473 471 3528 etiarn
487 3481 581 3544 praeter
598 3472 682 3528 solitos
699 3471 849 3526 librariorum
867 3483 971 3533 errores,
989 3481 1091 3542 quorum
1108 3469 1157 3523 iam

174 3556 353 3628 palimpsestum
376 3558 532 3629 antiquissimi
549 3556 638 3612 codicis
662 3557 826 3627 fragmentum
851 3553 913 3624 apud
929 3554 993 3626 dag.
1017 3551 1063 3607 llai
1078 3551 1156 3610 Class.
1237 3629 1238 3632 Ἴ
