2460 3878
134 188 214 260 ,934
473 189 516 252 Μ,
534 191 623 254 VAL.
639 191 865 256 MAR'llALlS

534 333 536 338 ’
618 343 725 406 XXIX.

235 441 331 518 Quam
346 442 422 502 mibi
437 442 580 502 mittebas
596 441 720 502 Saturni
734 448 875 523 tempore
889 440 1012 517 lancem,

275 525 392 585 Misisti
409 524 566 601 dominae,
589 525 776 604 Sextiliane,
797 535 885 601 tuse3

233 608 276 668 nt
291 628 380 687 quam
395 606 529 670 donabas
544 609 636 670 dictis
651 630 668 670 s
681 609 792 682 Marte,
802 609 960 687 Kalendis,

106 755 112 770 ,
278 693 324 752 lle
341 699 448 752 nostra
461 694 584 773 prasina
598 701 647 754 est
661 695 817 773 synthesis
832 701 933 774 empta
943 701 1014 775 toga.

86 845 89 852 ,
213 775 297 838 olam
311 781 453 836 constare
469 778 527 836 tibi
542 778 636 855 gratis
652 796 786 857 coepere
801 777 935 858 puellae:

277 861 460 921 Muneribus
474 860 587 939 lutnis,
609 860 795 946 Sextiliane,
816 863 901 922 meis.

204 1063 263 1153 VO
278 1097 469 1172 temperatae
486 1090 577 1152 dulce
590 995 734 1152 Falerlle
747 1090 837 1171 litm,

236 1177 318 1254 Vos,
338 1195 407 1236 cum
419 1177 520 1238 severi
537 1175 618 1254 fugit
632 1172 777 1257 oppidum
792 1175 904 1238 Martis

163 1257 209 1323 Γ
235 1261 444 1338 utinquam·
459 1259 559 1320 lessus
574 1261 658 1320 exuit
672 1279 776 1334 curas,

156 1357 159 1362 “
225 1341 427 1423 1ΛροΠίιιιι·ἰι
442 1345 581 1404 omnibus
595 1341 672 1403 locis
686 1343 835 1423 praefert.

213 1427 306 1490 5Non
320 1425 377 1486 ille
392 1433 517 1488 sanctae
532 1425 622 1488 dulce
637 1426 737 1488 Tibur
751 1428 870 1504 uxoris,

235 1511 300 1572 Nec
315 1511 505 1572 Tusculanos
518 1508 685 1589 Algidosve
699 1505 855 1588 secessus,

236 1595 408 1656 Praeneste
421 1613 480 1654 nec
494 1596 538 1654 sie
554 1595 740 1674 Antiumque
754 1596 892 1656 miratur.

236 1678 304 1739 Non
318 1678 431 1738 blanda
446 1679 538 1739 Circe
553 1677 740 1738 Dardanisve
756 1679 863 1738 Caieta

236 1761 476 1839 Desiderantur,
498 1781 557 1823 nec
571 1763 689 1822 Marica
703 1780 762 1821 nec
777 1761 875 1840 Liris,

196 1857 230 1910 10
236 1846 302 1907 Nec
315 1846 348 1904 in
361 1844 495 1905 Lucrina
508 1845 573 1906 lota
587 1844 732 1906 Salmacis
746 1860 832 1906 vena.

210 1923 297 2014 filie
313 1948 428 1989 summa
440 1928 506 1988 leni
521 1929 683 2010 stringitur
699 1929 810 1990 Thetis
825 1935 934 2004 vent03

237 2013 303 2074 Nec
316 2012 443 2094 languet
458 2031 591 2093 aequor,
609 2015 675 2072 viva
689 2012 746 2072 sed
761 2015 848 2092 quies
864 2013 953 2094 ponti

202 2080 211 2175 f
235 2097 353 2158 Pictam
367 2096 518 2177 phaselon
533 2096 693 2158 adiuvante
708 2097 773 2165 fert
786 2115 875 2175 aura,

197 2187 204 2256 5
239 2181 327 2242 Sicut
338 2180 463 2262 puellae
478 2199 540 2243 non
556 2181 683 2241 amantis
698 2187 855 2270 aestatem·

197 2266 325 2342 ipltlota
339 2265 463 2325 salubre
478 2285 614 2347 purpura
627 2267 713 2325 venit
727 2266 834 2345 frigus.

238 2348 304 2409 Nec
319 2356 386 2409 seta
398 2348 491 2427 longo
511 2350 632 2428 quaerit
644 2350 677 2408 in
690 2350 767 2410 mori
781 2348 943 2430 praedam,

239 2431 302 2493 Sed
317 2451 334 2492 e
349 2432 468 2493 cubiclo
485 2431 663 2511 lectuloque
677 2434 819 2493 iactatam

239 2517 404 2596 Spectatus
419 2515 481 2576 alte
495 2516 609 2576 lineam
623 2517 721 2576 trahit
734 2519 837 2597 piscis.
921 2559 924 2569 ,

112 2661 117 2672 ,
239 2599 407 2678 Siquando
422 2598 543 2660 Nereus
555 2602 651 2661 sentit
666 2599 756 2660 Aeoli
769 2601 913 2679 regnum,

196 2681 333 2749 aoRidet
345 2681 501 2763 procellas
515 2692 582 2744 tuta
596 2683 635 2745 dc
650 2704 705 2744 suo
721 2703 833 2745 mensa.

238 2767 361 2828 Piscina
374 2768 536 2829 rhombum
550 2769 650 2850 pascit
663 2775 697 2828 et
709 2767 800 2848 lupos
814 2786 943 2844 vernas,

239 2851 331 2912 Natat
345 2850 384 2911 ad
397 2853 575 2931 magistrum
591 2850 725 2912 delicata
738 2870 899 2929 muraena3

239 2934 481 2996 Nomenculator
494 2935 638 3016 mugilem
656 2937 731 2996 citat
749 2941 854 2998 notum
985 2963 990 2969 ·

238 3020 282 3080 Et
296 3018 405 3079 adesse
422 3020 497 3080 iussi
511 3019 666 3100 prodeunt
680 3039 771 3080 senes
786 3018 881 3082 mulli.

198 3113 232 3167 ιι
239 3103 316 3164 Frui
330 3102 386 3162 sed
401 3104 469 3162 istis
485 3102 624 3183 qnando,
645 3104 759 3184 Roma,
779 3102 959 3185 permittis?

239 3188 323 3265 Quot
335 3185 516 3247 Formianos
531 3190 662 3268 imputat
674 3187 742 3248 dies
757 3206 853 3247 annus

206 3303 209 3312 Α
239 3271 414 3350 Negotiosis
430 3273 523 3332 rebus
538 3273 623 3332 urbis
637 3271 802 3332 haerenti?

241 3355 267 3414 0
281 3355 430 3413 ianitores
444 3352 590 3433 vilicique
604 3355 733 3416 felices!
808 3423 809 3426 Ἴ

240 3436 378 3494 Dominis
390 3444 538 3515 parantur
552 3440 627 3516 iata,
650 3440 789 3499 serviunt
801 3439 897 3500 vobis.
