2500 3912
513 203 638 250 samita
659 205 692 250 V.

102 346 226 419 Ostrea,
252 344 380 405 callebat
401 346 495 424 primo
517 343 699 420 deprendere
723 360 837 413 morsu;

101 430 139 490 m
162 428 257 489 semel
281 431 393 508 aspecti
417 429 485 488 litus
508 426 622 486 dicebat
645 426 748 487 echini.

101 515 253 591 Surgitur,
279 522 308 572 et
329 515 418 572 misso
440 529 581 591 proceres
603 513 684 570 exire
708 511 842 571 iubentur

102 596 256 673 Consilio,
280 613 354 676 quos
376 596 517 656 Albanam
541 595 598 654 dun
621 613 741 672 magnus
763 598 792 677 in
814 614 911 656 arcem
964 601 967 607 '
1043 611 1092 664 135

101 682 247 742 Traxerat
269 683 404 740 attonitos
433 690 462 740 et
484 680 622 740 festinare
645 688 777 754 coactos,

100 766 261 844 Tamquam
284 762 320 825 de
343 762 453 824 Chattis
471 764 578 842 aliquid
600 766 749 842 torvisque
763 764 928 840 Sycambris

100 850 240 909 Dicturus
266 857 409 927 tamquam
431 857 460 907 et
483 848 604 907 diversis
626 847 756 926 partibus
777 847 855 907 orbis

100 932 197 993 Anxia
220 935 373 1012 praecipiti
396 935 525 992 venisset
549 933 673 1010 epistola
697 934 793 1010 pinna.

143 1015 243 1095 Atque
266 1019 373 1077 utinam
395 1015 439 1076 his
463 1017 560 1094 potius
584 1016 667 1092 nugis
690 1025 751 1074 tota
774 1016 824 1075 illa
846 1015 976 1077 dedisset
1044 1031 1093 1083 lot

101 1101 249 1179 Tempora
271 1103 426 1178 saeuitiae,
450 1100 544 1160 claras
569 1099 672 1178 quibus
695 1098 812 1158 abstulit
836 1099 900 1159 urbi

100 1184 295 1262 illustresque
317 1179 424 1244 animas
447 1187 562 1262 impune
587 1193 615 1242 et
635 1183 750 1243 vindice
774 1183 870 1243 nullo!

102 1269 161 1330 Sed
184 1271 288 1349 periit,
311 1277 465 1347 postquam
489 1267 663 1328 cerdonibus
689 1285 757 1327 esse
778 1268 920 1328 timendus
1010 1277 1012 1281 “

103 1350 269 1431 Coeperat:
291 1352 348 1413 boc
370 1353 469 1412 nocuit
492 1351 650 1412 Lamiarum
674 1353 765 1412 caede
782 1353 923 1412 'madenti

438 1705 669 1772 SATIRA
705 1704 745 1768 V.

103 1804 139 1898 Si
162 1846 192 1896 te
214 1839 359 1915 propositi
380 1839 505 1898 nondum
526 1839 616 1916 pudet
638 1847 725 1917 atque
748 1838 850 1897 eadem
873 1845 918 1896 est
939 1854 1031 1912 mens,

102 1924 139 1985 Ut
160 1921 238 1980 bona
260 1939 367 1981 summa
390 1931 475 2000 putes
498 1923 592 1983 aliena
613 1924 714 1982 vivere
737 1921 858 2001 quadra;

102 2010 133 2068 Si
155 2013 242 2083 potes
264 2004 315 2065 illa
337 2008 414 2084 pati,
439 2024 513 2086 quae
535 2024 591 2065 nec
612 2006 779 2066 Sarmentus
801 2007 913 2083 iniquas

103 2089 238 2150 Caesaris
261 2089 297 2149 ad
318 2108 450 2166 mensas,
474 2109 529 2150 nec
549 2090 615 2149 vilis
639 2089 737 2152 Gabba
760 2090 890 2148 tulisset:

102 2173 240 2248 Quamvis
263 2174 356 2232 iurato
380 2183 503 2234 metuam
526 2174 576 2233 tibi
600 2175 723 2234 credere
745 2175 823 2232 testi.
1074 2183 1091 2233 5

101 2259 212 2317 Ventre
234 2256 304 2316 nihil
328 2260 395 2316 novi
419 2257 573 2336 frugalium
601 2259 658 2318 hoc
681 2269 776 2318 tamen
798 2258 891 2334 ipsum

102 2341 259 2402 Deiecisse
280 2351 364 2418 puta,
390 2342 467 2419 quod
490 2343 566 2402 inani
590 2343 696 2401 scilicit
721 2340 802 2400 aluo:

102 2425 187 2485 Nulla
209 2425 328 2502 crepido
350 2435 455 2503 vacat,
486 2443 625 2504 nusquam
648 2442 723 2503 pons
746 2433 775 2482 et
798 2424 904 2499 tegetis
929 2438 996 2499 pars

103 2508 225 2569 Dimidia
248 2505 386 2568 brevior?
409 2512 516 2570 tantine
536 2511 637 2570 iniuria
661 2526 783 2580 coenae,

103 2593 172 2652 l'arn
194 2593 289 2652 ieiuna
311 2593 402 2652 fames
428 2611 514 2674 quum
536 2596 630 2673 possit
651 2593 801 2654 honestius
826 2583 888 2653 illic
1060 2603 1093 2654 10

103 2677 139 2736 lit
163 2687 291 2735 tremere
315 2687 344 2736 et
366 2679 470 2738 sordes
494 2678 578 2739 larris
601 2679 736 2738 mordere
759 2675 876 2737 caninii

142 2761 239 2820 Primo
263 2759 320 2838 lige
344 2760 428 2838 loco,
451 2762 530 2840 quod
551 2771 581 2822 tu
604 2762 787 2822 discumbere
808 2762 903 2819 iussus

103 2842 269 2904 Mercedem
292 2844 413 2904 solidam
434 2855 567 2905 veterum
590 2848 669 2924 capis
693 2847 865 2907 officiorum.

103 2926 225 2988 Fructus
247 2929 388 2988 amicitiae
411 2947 533 3006 magnae
556 2930 653 2998 cibus;
685 2932 803 3008 imputat
826 2928 900 2987 hunc
918 2946 971 2987 rex

102 3010 139 3071 Et
161 3013 291 3090 quamvis
313 3031 408 3072 rarum
429 3023 523 3072 tamen
545 3016 672 3092 imputat.
717 3013 798 3090 llrgo
823 3011 895 3072 duos
918 3020 985 3090 post
1060 3024 1091 3074 ts

103 3097 132 3154 Si
154 3095 237 3155 libuit
260 3114 376 3156 menses
395 3098 561 3174 neglectum
582 3097 721 3158 adhibere
744 3097 889 3172 clientem,

103 3179 199 3238 Tertia
224 3197 261 3239 ne
283 3197 377 3240 vacuo
404 3191 536 3242 cessaret
557 3182 663 3243 culcita
684 3182 777 3242 lecto:

102 3261 163 3322 llua
184 3265 291 3339 simus,
314 3265 362 3322 ait.
407 3264 548 3326 Votorum
570 3267 693 3326 summa!
718 3266 785 3345 quid
808 3265 882 3324 ultra

104 3343 249 3418 Quaeris?
276 3345 365 3406 habet
388 3348 526 3424 Trebius,
550 3360 672 3428 propter
693 3349 770 3427 quod
791 3365 926 3425 rumpere
948 3363 1077 3404 somnum

102 3427 215 3491 babeat
239 3438 268 3489 et
289 3431 396 3508 ligulas
419 3434 578 3510 dimittere,
602 3434 744 3493 sollicitus
771 3449 808 3492 ne
1056 3437 1091 3489 20
