2430 3894
136 223 180 288 84
460 225 504 285 Μ.
520 223 611 286 VAL.
626 173 852 285 murronis

223 377 298 452 Quis
314 375 404 435 siccis
418 373 540 436 lascivit
554 377 640 453 aquis
655 382 689 435 et
701 377 738 436 ab
754 378 882 437 aethere
897 377 1000 440 ludite

263 459 410 538 Suspicor
424 459 479 518 has
493 459 583 538 pueri
598 459 740 519 (laesuris
753 478 822 520 esse
837 463 931 524 nives.

631 592 682 653 lV.

222 687 312 766 Quod
327 690 427 750 siccae
442 685 566 748 redolet
578 685 667 768 palus
680 686 825 766 lacunae,

222 769 542 834 Crudarum-nebulae
559 769 642 850 quod
656 769 852 852 Albularum,

221 857 364 918 Piscinae
379 863 467 916 vetus
482 874 555 915 aura
570 853 654 933 quod
666 856 818 932 marinae,

223 939 314 1018 Quod
327 942 437 1022 pressa
450 940 540 1020 piger
554 938 660 998 hircus
673 939 706 998 in
721 939 857 1018 capella,

202 1024 313 1086 5Lassi
327 1024 485 1084 vardaicus
501 1020 583 1102 quod
598 1023 732 1098 evocati,

224 1107 316 1185 Quod
329 1108 377 1168 bis
391 1109 509 1167 murice
526 1104 624 1166 vellus
638 1107 846 1184 inquinatum,

224 1190 315 1267 Quod
328 1191 444 1251 ieiunia
458 1188 715 1266 sabbatariarum,

223 1275 414 1335 Maestorum
428 1271 511 1353 qnod
526 1271 680 1332 anhelitus
695 1290 835 1350 reorum,

223 1357 313 1434 Quod
326 1375 456 1438 spurcae
470 1357 605 1416 moriens
619 1354 748 1415 lucerna
760 1354 881 1434 Ledae,

180 1441 311 1517 loQuod
324 1445 478 1502 ceromata
492 1441 580 1500 faece
596 1437 635 1498 de
650 1438 778 1516 Sabina,

223 1524 314 1604 Quod
328 1525 429 1606 volpis
443 1525 532 1604 fuga,
551 1525 678 1602 viperae
694 1520 812 1600 cubile,

223 1609 352 1671 Mallem
369 1629 456 1687 quam
475 1605 557 1687 quod
572 1605 639 1666 oles
653 1605 755 1684 olere,
778 1607 879 1666 Bassa.

597 1741 675 1802 -V.

224 1840 283 1903 Vir
298 1841 396 1900 bonus
412 1845 445 1914 et
458 1857 576 1919 pauper
590 1837 755 1917 linguaque
769 1844 804 1898 et
816 1844 946 1918 pectore
961 1859 1072 1924 serus,

267 1922 350 2000 Quid
364 1923 422 1983 tibi
436 1923 499 2002 vis,
521 1924 631 1982 urbem
646 1923 714 2002 qui,
735 1922 887 2000 Fabiane,
909 1926 1014 2004 petis?

222 2006 283 2082 Qui
297 2025 356 2067 nec
373 2004 447 2066 leno
462 2013 552 2086 potes
567 2024 626 2066 nec
640 2007 819 2088 comissator
833 2006 959 2087 haberi,

266 2091 332 2151 Nec
345 2089 472 2171 pavidos
488 2091 571 2150 tristi
586 2108 662 2150 voce
676 2091 772 2150 citare
787 2109 876 2165 reos3

202 2173 289 2236 5Nec
303 2182 394 2256 potes
408 2192 535 2235 uxorem
550 2175 614 2233 cari
629 2192 829 2254 corrumpere
843 2173 949 2252 amici,

265 2259 331 2320 Nec
345 2267 436 2340 potes
451 2256 591 2337 algentes
606 2257 745 2336 arrigere
760 2257 799 2317 ad
812 2256 949 2336 vetulas,

223 2342 371 2404 Vendere
386 2362 445 2403 nec
459 2361 551 2402 vanos
570 2343 685 2402 circum
698 2339 818 2402 Palatia
831 2342 948 2418 fumos,

263 2424 420 2487 Plaudere
434 2444 493 2485 nec
508 2426 608 2504 Cano,
629 2423 780 2506 plaudere
794 2443 853 2485 nec
869 2423 1040 2507 Glaphyro.

223 2507 314 2570 Unde
328 2510 423 2568 miser
438 2508 544 2568 vives?
573 2509 694 2586 „Homo
711 2516 830 2586 certus,
854 2507 934 2571 lidus
949 2510 1109 2572 amicus-

182 2603 217 2654 10
265 2593 333 2652 Hoc
348 2589 428 2650 nihil
444 2597 507 2650 est:
529 2609 681 2670 nunquam
699 2595 745 2653 sic
760 2591 952 2654 Philomelus
968 2593 1041 2656 eris.

631 2725 683 2788 Vl.

224 2839 321 2900 Credi
336 2841 456 2919 virgine
472 2841 585 2900 castior
599 2838 710 2920 pudica

222 2925 266 2985 Et
281 2924 395 2984 frontis
409 2930 538 2984 tenerae
553 2925 639 3004 cupis
651 2921 769 3002 videri,

125 3055 127 3058 .
225 3007 303 3067 (lum
318 3009 361 3068 sis
375 3009 562 3088 improbior,
583 3001 766 3084 Malieiane,

224 3092 321 3168 Quam
337 3092 391 3171 qui
404 3093 591 3170 compositos
605 3098 705 3151 metro
722 3088 843 3150 Tibulli

202 3174 261 3236 filu
274 3171 393 3236 Stellae
410 3175 523 3235 recitat
537 3174 626 3235 domo
640 3171 777 3236 libellos.

622 3290 686 3353 Vll.

224 3385 288 3445 cur
302 3385 379 3445 here
396 3385 478 3463 quod
494 3384 645 3464 dederas,
664 3386 775 3464 hodie,
797 3407 875 3466 puer
887 3383 1001 3467 Hylle,
1025 3387 1175 3468 negasti,

216 3536 219 3543 ,
265 3467 366 3528 Durus
381 3475 442 3529 tam
460 3470 579 3549 subito,
603 3472 655 3548 qui
670 3469 761 3530 modo
776 3471 860 3531 mitis
875 3470 966 3532 eras?
