2528 3876
366 113 707 185 EPIGRAMMATON
721 113 795 176 LIB.
809 116 889 181 XIV.
1086 117 1149 180 33⁷

385 314 488 376 CLIV.
511 313 621 376 Lnncae
637 317 873 397 amethystinae.

195 413 292 474 Ebria
307 410 454 472 Sidoniae
470 432 539 474 cum
554 415 611 473 nim
626 413 665 474 de
680 415 829 492 sanguiue
845 416 998 494 conchae,

236 495 304 556 Nou
319 494 428 574 rideo,
449 515 545 576 quare
559 498 662 557 cobrin
675 496 744 558 lana
758 517 859 559 vocer.

230 701 232 706 ¹
461 630 552 694 CLV.
576 630 686 693 Lanae
701 632 800 693 albae.

193 727 371 791 Velleribus
385 731 492 810 primia
507 729 658 810 Appulia,
679 731 789 790 Parma
803 729 946 792 necandis

233 810 368 874 Nobilis:
390 811 530 874 Altinum
545 815 640 876 tertia
653 813 758 874 laudat
772 815 845 875 oria.

437 947 540 1009 CLVI.
554 946 673 1008 ‘Lanae
693 949 815 1028 lynce.

190 1043 254 1104 Non
268 1045 531 1106 Lacedaemoniae
545 1052 653 1126 pastor
669 1045 792 1106 donavit
806 1047 929 1108 amicae.
954 1075 961 1086 ·

233 1129 379 1190 Deterior
392 1129 497 1189 Ledae
510 1149 647 1210 purpura
661 1132 767 1190 matria
782 1136 858 1190 erat.

344 1283 365 1344 j
390 1263 506 1326 chss.
530 1263 640 1324 Lanae
652 1263 858 1326 Pollentinae.

190 1360 258 1421 Nou
272 1367 389 1421 tautum
402 1359 487 1441 pullo
501 1360 644 1439 lugentes
658 1358 777 1421 vellere
791 1359 894 1438 lanan,

231 1443 295 1504 Sed
308 1443 389 1504 solet
404 1449 437 1506 et
452 1442 565 1503 calloea
579 1445 657 1504 haec
672 1444 747 1506 dare
761 1452 846 1503 terro
868 1463 950 1504 suos.

508 1577 637 1638 CLVIII.
659 1577 754 1639 Idem.

188 1675 271 1734 Lana
286 1672 410 1751 quidem
425 1673 542 1751 tretia,
564 1672 619 1733 ned
633 1675 730 1734 tonnis
745 1681 817 1734 neta
836 1675 1003 1754 ministris,

230 1755 345 1833 Quales
360 1774 422 1816 non
436 1758 536 1835 primo
557 1756 596 1816 de
612 1776 707 1836 grege
723 1776 828 1820 menna
846 1757 931 1819 citet.

348 1891 449 1951 CLIX.
476 1890 660 1952 Tomentum
678 1890 899 1960 Leuconicum.

176 1989 363 2068 ‚Oppressae
379 1989 505 2047 nimium
519 1987 619 2046 vicina
634 1993 683 2046 est
696 1989 792 2047 faccia
805 1987 927 2067 plumae
934 1975 956 2049 l³
1037 1985 1039 1990 ’

228 2068 356 2134 Vellere
371 2071 554 2130 Leuconicis
570 2071 677 2149 accipe
694 2090 763 2130 rana
777 2073 865 2149 sagis.

388 2203 477 2265 CLX.
502 2201 686 2265 Tomentum
703 2203 856 2264 Circense.

99 2295 101 2306 '
189 2301 376 2361 Tomentum
393 2301 515 2361 concina
528 2299 618 2380 palus
633 2301 783 2361 Circenae
797 2309 933 2363 vocatur.

228 2384 314 2444 Haec
329 2403 387 2465 pro
401 2384 576 2444 Leuconico
591 2386 738 2444 atramina
751 2403 869 2464 pauper
885 2387 968 2474 emit.

496 2518 600 2582 ch1.
623 2515 745 2578 Pluma.

184 2617 296 2676 Lamus
311 2615 477 2696 Amyclaea
494 2619 613 2696 poteria
628 2619 828 2697 requiescere
846 2617 965 2698 pluma,
1042 2617 1053 2636 '

226 2700 359 2760 interior
374 2701 465 2779 cygni
480 2719 568 2778 quam
584 2701 642 2761 tibi
654 2700 724 2761 lana
742 2699 837 2762 dedit.

476 2833 591 2893 chn.
614 2833 761 2894 Faenum.

183 2931 338 2992 Fraudata
353 2939 470 2992 tumeat
483 2931 602 3012 fragilia
619 2934 677 2994 tibi
692 2929 805 2992 culcita
818 2931 905 2992 mula.

225 3016 294 3076 Non
309 3018 395 3076 venit
411 3014 450 3075 ad
466 3015 559 3076 duros
573 3015 687 3097 pallida
703 3036 775 3076 cura
788 3023 883 3079 toron.

408 3149 536 3211 CLXIII.
564 3148 829 3212 tintinnabulum.

181 3248 290 3308 Redde
304 3248 414 3329 pilam:
434 3256 523 3310 nouat
538 3269 589 3310 aea
605 3251 802 3311 thermarum.
832 3250 956 3314 Ludere
969 3249 1098 3332 pergis?

220 3333 351 3412 Virgine
365 3333 410 3394 vla
427 3333 494 3394 nola
507 3332 591 3395 lotus
609 3335 695 3395 abire
710 3321 841 3396 domum.
960 3394 962 3402 ,

179 3417 291 3478 Meua.
892 3417 934 3476 92
