2528 3876
153 199 214 268 298
476 203 519 264 M.
535 202 626 264 VAL.
644 202 872 266 nonninus

241 357 393 432 Quantum
408 353 520 415 Lesbis
535 375 596 416 non
612 353 700 414 dedit
714 354 848 418 Catullo.

104 439 109 452 '
239 439 287 499 Te
300 439 411 498 vicinio
424 445 505 515 totu,
521 444 554 499 te
567 436 685 518 pilosus

216 523 373 584 5Hircoso
391 523 506 602 premii
521 520 626 582 osculo
643 521 777 584 colonus.

237 607 319 666 Hinc
333 606 429 665 instet
442 606 500 665 tibi
514 612 634 684 textor,
651 605 725 666 iude
739 604 834 684 iulio,

237 690 320 750 Hinc
334 694 421 750 sutor
435 688 525 749 modo
540 688 623 770 pelle
636 690 768 766 basiate,

238 774 319 833 iiiuc
333 773 428 833 menti
443 771 583 833 dominus
596 770 785 854 pediculosi,

238 857 319 916 Hinc
334 866 352 929 †
368 855 558 935 desioculus‚
580 856 654 916 inde
666 855 785 937 lippus,

197 939 436 1019 loFellotorque
449 958 622 1020 recensque
636 939 838 1019 cunnilingus.

237 1023 299 1083 lom
316 1025 394 1084 tanti
409 1024 466 1085 tibi
480 1043 542 1084 non
555 1024 616 1084 fuit
629 1022 745 1084 redire.

643 1157 706 1220 LX.

237 1270 348 1331 Mortis
364 1265 483 1327 alumne
498 1267 582 1344 dies,
602 1288 722 1330 roseum
737 1288 796 1348 quo
810 1267 950 1349 lampedo
964 1269 1098 1350 primun

280 1354 452 1431 Magnoque
466 1349 584 1413 siderei
598 1352 727 1414 vidimus
742 1372 796 1412 ore
809 1350 877 1429 dei,

239 1436 272 1497 Si
286 1443 319 1497 ie
334 1453 407 1495 rure
422 1433 484 1495 coli
501 1436 679 1515 viridesque
693 1435 822 1517 pudebit
835 1434 875 1496 sd
889 1455 973 1514 erus,

282 1521 341 1597 Qui
356 1520 459 1579 iuerss
475 1518 563 1580 Latio
579 1519 681 1581 cultus
694 1523 727 1580 in
741 1521 818 1580 urbe
832 1520 924 1580 mihi:

216 1605 285 1667 olio
298 1605 434 1681 venium,
455 1605 573 1664 seruire
587 1606 664 1665 meis
680 1602 762 1684 quod
775 1601 848 1664 nolo
863 1601 1031 1682 Kalendis,

280 1689 321 1748 nt
338 1707 395 1766 qus
414 1689 631 1766 congenitus,
653 1689 756 1748 vivere
770 1685 841 1748 luce
856 1685 936 1748 volo.

612 1821 666 1881 LX
703 1821 733 1884 b.

237 1929 339 1994 Notsli
352 1930 473 2013 pellere
488 1953 560 2007 suo,
577 1950 617 1993 ne
632 1865 719 1993 csl’do
733 1929 857 1993 Sabello

194 2069 198 2078 .
280 2016 367 2077 Desit
381 2024 414 2077 et
428 2024 462 2077 ut
474 2015 625 2096 liquidum
638 2023 727 2098 potet
742 2014 858 2076 Alauda
872 2035 1006 2096 merum,

241 2097 380 2160 Turbida
393 2098 528 2161 sollicito
543 2102 754 2161 transmittere
769 2100 910 2160 Caecubo
924 2121 1032 2180 socco,

253 2250 256 2258 ,
278 2185 381 2262 Atque
395 2186 478 2244 inter
492 2203 613 2244 menses
627 2186 692 2262 ire,
713 2182 819 2244 redire
834 2202 921 2260 suus3

214 2265 391 2347 §Excipere
406 2268 463 2328 hos
477 2267 565 2346 illos,
589 2275 623 2329 et
635 2274 701 2329 tote
715 2284 844 2346 surgere
860 2285 937 2328 cene

279 2351 435 2420 Marmore
449 2352 616 2413 culcuntem
631 2349 793 2431 frigidiore
806 2350 895 2430 gelu:

237 2433 322 2509 Quae
337 2437 417 2496 ratio
431 2442 495 2515 est,
514 2437 591 2497 hoec
606 2443 716 2516 sponte
731 2455 785 2495 suo
797 2435 942 2516 perferre
954 2436 1105 2516 patique,
1231 2433 1232 2453 ³

279 2517 363 2593 Quae
378 2525 411 2578 te
426 2521 452 2579 si
467 2520 572 2581 iubent
587 2539 642 2580 rex
657 2518 874 2597 dominusque,
895 2518 1015 2598 neges?

630 2653 707 2714 in.

235 2759 353 2822 Versus
367 2768 400 2822 ei
413 2764 506 2824 breve
521 2763 714 2844 vividumque
730 2782 853 2824 carmen

235 2843 270 2904 iu
284 2853 317 2904 te
331 2865 371 2906 ne
383 2847 509 2926 iccium,
530 2849 638 2925 times,
658 2848 805 2926 Ligurra,

234 2927 276 2988 Et
291 2927 399 3008 dignus
415 2931 500 3010 cupis
515 2931 575 2992 hoc
589 2940 673 2991 metu
687 2929 796 3015 rideri.

236 3009 299 3070 Sed
309 3012 427 3078 frustra
440 3015 551 3075 metuis
566 3016 713 3095 cupisque
728 3016 852 3075 frustra.

214 3093 270 3154 oin
285 3101 388 3155 icuros
401 3096 510 3174 Libyci
522 3107 615 3159 ruunt
628 3097 752 3174 leones,

234 3177 304 3238 Non
317 3186 389 3238 suni
402 3178 607 3259 papilionibus
621 3181 753 3245 molesti.
801 3207 807 3216 ·

199 3291 201 3296 ·
236 3263 390 3341 Quaeres,
413 3281 541 3342 censeo,
564 3265 591 3324 si
604 3262 668 3342 legi
682 3263 824 3341 labores,

233 3343 322 3417 Nigri
335 3345 463 3404 fornicis
477 3346 597 3406 ebrium
611 3354 749 3425 postem,

236 3422 295 3494 Qui
311 3426 444 3485 carbone
458 3425 528 3485 rudi
545 3431 691 3505 putrique
705 3437 793 3490 crete
