2426 3900
434 217 480 278 Μ.
497 216 589 279 vnn.
606 185 831 280 urrunnu

604 418 667 479 Lll.

198 529 292 591 Novit
303 528 420 589 loturus
436 529 544 589 Durine
558 547 738 590 numerere:
759 533 903 610 pepercit

240 613 441 676 Mammosam
456 610 603 693 Spatalen
618 632 675 693 pro
692 615 806 673 tribus:
828 612 884 675 ille
899 612 998 677 dedit.

603 746 677 807 [ΠΙ.

198 861 256 925 Vt·
269 860 341 920 fleri
354 857 459 918 liber?
479 859 638 934 mentiris,
659 859 810 933 Maxime,
832 878 895 918 non
908 861 971 919 vir:

242 943 306 1006 Sed
320 942 391 1002 fieri
406 943 433 1002 si
447 943 509 1018 vis,
528 942 586 1002 hnc
600 944 721 1002 ratione
736 949 836 1020 potes.

197 1026 294 1088 Liber
309 1028 389 1104 erin,
412 1025 616 1086 cenerefcrir
631 1025 674 1102 ni,
696 1025 848 1102 Maxime,
868 1023 975 1103 noles,
1002 1021 1005 1026 ’

243 1112 418 1174 Veientana
430 1115 514 1168 tuum
529 1111 556 1169 ri
571 1107 743 1168 dematura
757 1109 856 1184 sitim,

178 1194 236 1255 tsi
250 1193 356 1253 ridere
370 1197 462 1273 poter
477 1193 583 1252 miseri
598 1191 805 1271 chrysendeta
818 1193 953 1270 Ginnne,

242 1278 415 1338 contentus
429 1283 535 1335 ncrtrn
549 1277 577 1334 ri
590 1283 680 1354 poten
696 1293 766 1335 esee
781 1283 869 1353 toga,

200 1359 234 1421 Si
247 1359 373 1439 plebeia
387 1359 493 1421 Venus
509 1361 629 1436 gemino
645 1359 702 1418 tibi
717 1360 849 1419 vincitur
865 1377 951 1438 asse,

242 1443 276 1504 Si
290 1451 418 1504 tuanen
434 1449 538 1502 rectus
554 1449 637 1502 tectu
651 1443 755 1502 subire
769 1449 870 1522 poter.

198 1529 285 1589 Haec
300 1528 358 1587 tibi
373 1529 400 1587 ri
413 1528 458 1586 vis
474 1532 539 1603 ert,
561 1527 715 1585 timentis
729 1533 813 1585 tantu
827 1532 984 1606 potestus,

157 1621 193 1674 10
240 1612 386 1673 Liberior
399 1611 515 1670 Partho
530 1612 636 1669 vivere
649 1626 725 1686 rege
739 1617 838 1689 potes.

595 1757 673 1820 LIV.

200 1872 283 1948 Quid
297 1871 336 1931 de
351 1877 401 1944 te,
423 1868 518 1944 Line,
540 1871 715 1947 suspicetur
729 1887 805 1927 uxor

199 1956 243 2017 Et
258 1975 317 2034 que
331 1960 421 2035 purte
435 1948 513 2011 velit
527 1950 734 2031 pudiciorem,

201 2038 305 2098 Certis
319 2036 442 2098 indiciis
457 2037 530 2095 satir
544 2037 700 2115 probavit,

201 2121 369 2182 Custodem
384 2119 442 2180 tibi
457 2137 534 2198 quae
550 2117 638 2178 dedit
652 2117 827 2198 spadonem.

178 2205 254 2265 5Nil
268 2206 405 2266 nasutius
419 2202 477 2262 huc
492 2200 716 2281 maligniurque
732 2209 789 2263 est.
833 2211 838 2220 '
866 2265 872 2272 ,

604 2336 669 2397 LV.

199 2451 255 2512 Vir
270 2457 319 2526 te,
342 2451 452 2525 Sexte,
474 2447 552 2507 ccli:
574 2447 713 2507 volebam
730 2465 840 2508 amare.

199 2532 375 2591 Parendum
389 2537 438 2590 eet
452 2531 525 2590 tibi:
548 2529 631 2608 quod
645 2531 749 2608 iuben,
772 2527 901 2590 coleris:

201 2613 265 2673 Sed
279 2616 306 2674 ui
320 2620 353 2674 te
369 2612 453 2690 colo,
476 2613 587 2691 Sexte,
606 2632 668 2672 ncn
685 2616 799 2674 amabo.

555 2819 564 2840 ἢ
601 2746 679 2808 uvi

204 2858 356 2918 Gentibus
370 2860 403 2918 in
417 2859 543 2941 Libycis
558 2878 634 2918 uxor
648 2866 718 2935 tue,
741 2858 849 2937 Galle,
871 2857 951 2918 mule
967 2857 1054 2920 cudit

243 2941 427 3002 immodicae
441 2941 535 3003 foedo
551 2944 680 3012 crimine
697 2945 850 3003 avaritiae.

201 3022 264 3084 Sed
278 3043 364 3085 mere
376 3032 542 3085 narrantur
555 3025 731 3086 mendacia:
752 3045 814 3086 non
830 3023 912 3086 solet
925 3023 979 3086 ille

242 3109 395 3190 Accipere
410 3110 543 3170 omniuo.
574 3108 655 3185 Quid
670 3108 752 3170 nolet
767 3109 865 3189 ergo?
892 3108 984 3169 Dure.

595 3243 686 3304 LVII.
814 3271 828 3300 ·.

201 3351 262 3410 Hic
278 3369 367 3427 quem
381 3351 494 3411 videtis
510 3353 666 3428 gressibus
679 3354 762 3428 vagis
777 3350 912 3426 lentum,

203 3433 468 3512 Amethystinatus
483 3431 585 3492 medie
600 3435 652 3510 qni
666 3440 751 3494 secet
766 3434 879 3514 Septa,
