2474 3906
321 274 661 372 urlpaammaTON
680 275 810 338 LIBER.

528 477 592 538 Vll.

125 593 268 671 Qualiter
283 595 315 651 in
332 594 476 671 Scythica
491 593 640 670 religatus
652 611 729 672 rupe
747 593 950 653 Prometheus

165 677 327 737 Assiduum
340 678 434 736 nimio
450 683 579 756 pectore
593 677 676 756 pavit
690 696 792 754 avem,

124 762 212 821 Nuda
226 759 397 821 Caledonio
412 761 456 820 sic
471 761 588 820 viscera
603 762 746 840 praebuit
760 781 837 820 urso

166 847 234 904 Nou
248 843 327 905 falsa
341 844 481 925 pendens
497 846 527 903 in
544 863 636 904 cruce
650 843 829 906 Laureolus.

99 931 276 992 oVivehant
290 927 386 989 laceri
406 930 550 988 membris
566 926 751 988 stillantibus
768 936 852 988 artus

166 1013 261 1093 Inque
276 1015 358 1072 omni
371 1032 520 1091 nusquam
535 1032 666 1090 corpore
682 1031 792 1090 corpus
808 1018 883 1072 crat.

123 1097 264 1176 Denique
280 1096 462 1177 supplicium
480 1097 609 1178 digrmm
625 1099 715 1156 tulit:
729 1097 784 1156 illo
794 1098 938 1175 parentis

168 1180 226 1242 Vel
242 1180 358 1240 domini
372 1180 507 1260 iugulum
520 1180 645 1239 foderat
662 1199 735 1239 ense
749 1199 883 1254 nocens3

124 1264 256 1344 Templa
269 1263 321 1324 ael
336 1285 446 1325 arcano
463 1263 590 1324 demens
606 1264 792 1344 spoliaverat
807 1283 897 1340 auro,

84 1362 115 1411 10
165 1347 353 1409 Subdidcrat
364 1368 468 1409 saevas
482 1348 530 1408 vel
545 1349 620 1426 tibi,
641 1349 753 1428 Roma,
775 1348 868 1408 faces.

124 1434 252 1496 Vicerat
268 1434 411 1512 antiquae
426 1431 597 1492 sceleratos
613 1434 740 1492 crimina
753 1433 870 1508 famae,

165 1517 198 1577 ln
211 1537 287 1596 quo,
311 1536 389 1596 quae
402 1517 506 1577 fuerat
519 1515 639 1594 fabula,
661 1535 761 1595 poena
775 1516 843 1574 luit.

525 1651 600 1712 vm.
651 1715 657 1728 ,

125 1765 277 1845 Daedale,
294 1767 417 1827 Lucano
434 1787 502 1827 eum
517 1769 561 1826 sic
575 1766 724 1827 lacereris
739 1767 775 1825 ab
794 1786 883 1841 urso,

165 1852 262 1927 Quam
278 1869 408 1931 cuperes
421 1853 530 1932 pinnas
546 1871 626 1910 nunc
639 1852 783 1911 habuisse
799 1851 882 1909 tuas!

532 1985 582 2047 lX.

121 2102 283 2161 Praestitit
299 2103 453 2162 exhibitus
468 2109 533 2162 tota
548 2103 619 2178 tibi,
640 2102 770 2178 Caesar,
792 2095 907 2162 harena

164 2186 250 2261 Quae
263 2205 324 2245 non
339 2187 480 2265 promisit
493 2185 611 2267 praelia
624 2186 815 2247 rhinoceros.

121 2270 148 2328 0
165 2289 255 2348 quam
274 2268 426 2329 terribilis
442 2271 557 2329 exarsit
569 2288 685 2348 pronus
696 2269 730 2326 in
744 2269 823 2326 iras!

164 2354 302 2429 Quantus
318 2362 384 2413 erat
399 2360 520 2431 taurus,
543 2353 591 2412 cni
606 2351 669 2432 pila
683 2357 788 2410 taurus
803 2349 884 2409 erat!

541 2485 578 2546 Χ.

119 2605 270 2662 Laeserat
283 2604 404 2681 ingrato
418 2601 468 2662 leo
487 2602 625 2682 perfidus
639 2621 694 2662 ore
708 2601 901 2680 magistrum,

162 2687 264 2746 Ausus
279 2692 340 2746 tam
356 2693 443 2746 notas
459 2693 671 2747 contemerare
687 2704 809 2764 manus,

119 2769 185 2830 Sed
201 2769 308 2848 dignas
324 2769 577 2851 tantopersolvit
592 2771 721 2830 crimine
735 2787 868 2850 poenas,

160 2855 203 2915 Et
218 2855 269 2932 qui
284 2872 346 2913 non
360 2853 476 2914 tulerat
492 2855 639 2929 verbera,
660 2852 723 2913 tela
736 2852 818 2913 tulit.

96 2939 205 3014 5Quos
221 2937 313 2997 decet
330 2955 399 2998 esse
413 2939 570 2999 hominum
585 2936 642 2998 tali
656 2939 711 2997 sub
725 2938 867 3017 principe
883 2952 1002 3012 mores,

162 3022 222 3098 Qui
239 3023 326 3081 iubet
339 3024 496 3100 ingenium
511 3024 614 3082 mitius
628 3040 697 3081 esse
711 3021 803 3080 feris!

530 3155 580 3216 Xl.

118 3271 278 3347 Praeceps
293 3272 458 3347 sanguinea
475 3269 546 3329 dum
561 3288 595 3329 se
610 3276 693 3328 rotat
706 3288 795 3328 ursus
810 3269 941 3346 harena,

160 3352 342 3432 Implicitam
355 3355 438 3414 visco
454 3352 594 3435 perdidit
607 3351 664 3412 ille
678 3353 787 3431 fugam.

116 3434 292 3518 Splendida
304 3437 365 3498 iam
378 3444 463 3498 teoto
479 3444 602 3498 cessent
616 3433 766 3496 venabula
779 3437 884 3512 ferro,

158 3519 227 3581 Nec
241 3520 325 3582 volet
339 3539 464 3582 excussa
476 3520 584 3582 lancea
598 3525 682 3580 torta
695 3537 801 3593 manu3
826 3555 867 3657 1*

1059 275 1080 340 3
