2460 3878
321 258 662 322 EPIGRAMMATON
675 259 749 321 LIB.
765 260 816 323 Xl.
1032 255 1095 322 250

112 412 267 476 unomani
283 409 377 472 decus
393 417 426 470 et
442 408 533 471 dolor
547 410 664 472 theatri

125 485 238 584 fitque
254 513 362 556 omnes
375 495 518 557 Veneres
534 495 766 576 Cupidinesque

130 564 203 670 βου
222 587 294 640 sunt
310 576 450 656 condita,
475 599 535 658 quo
548 580 653 658 Paris,
675 578 829 661 sepulcro.

53 657 174 758 Χ
531 711 612 776 XIV.

133 825 295 906 Heredes,
314 823 414 887 nolite
432 828 558 888 brevem
576 825 713 908 sepelire
729 825 891 888 colonum:

174 911 249 973 Nam
264 918 349 971 terra
362 917 411 971 eat
428 908 760 992 illi'quautulacuuquc
776 913 885 992 gravis,

534 1045 602 1108 XV.

131 1159 212 1220 Sunt
225 1158 351 1220 chartae
366 1158 460 1236 mihi,
484 1176 558 1234 quas
573 1157 699 1218 Catonis
713 1177 790 1218 uxor

129 1244 172 1304 Et
187 1261 261 1321 quas
274 1239 445 1302 horribiles
458 1240 564 1321 legant
578 1241 720 1306 Sabinae.

131 1328 192 1387 Hic
207 1332 292 1387 totus
306 1323 377 1387 uolo
393 1324 496 1388 rideat
509 1324 636 1387 libellus

129 1412 172 1472 nt
187 1412 228 1470 sit
242 1411 375 1490 nequior
392 1411 532 1473 omnibus
545 1408 682 1486 libellis,

108 1495 195 1572 oQui
210 1495 280 1554 vino
294 1491 418 1555 madeat
431 1511 489 1555 ncc
504 1495 669 1554 erubescat

130 1578 243 1657 Pingui
260 1577 404 1648 sordidus
420 1596 489 1638 esse
507 1577 681 1640 Gosrniano.

130 1661 232 1723 Ludat
247 1681 315 1723 curn
330 1663 454 1743 pueris,
466 1668 559 1724 amet
574 1659 714 1742 puellas;

129 1747 196 1807 Nec
209 1765 267 1827 per
282 1748 429 1807 circuitus
442 1744 587 1826 loquatur
601 1743 703 1824 illurn,

129 1833 177 1892 Ex
194 1849 253 1910 qua
266 1833 437 1908 nascimur,
460 1831 594 1891 omniurn
609 1836 787 1910 parentem,

88 1927 122 1979 10
129 1917 226 1992 Quam
241 1920 365 1975 stuctus
378 1914 475 1975 Numa
489 1911 657 1976 mentulam
671 1914 808 1976 vocabat.

130 1999 249 2062 Versus
267 1998 325 2059 bos
339 2005 444 2060 tamen
457 2017 527 2060 esse
541 2006 576 2060 tu
590 2004 745 2058 memento

131 2080 371 2162 Saturnalicios,
393 2081 592 2163 Apollinaris.

132 2168 242 2228 Mores
256 2186 319 2227 non
336 2166 432 2227 habet
446 2167 498 2227 hic
512 2185 598 2226 meos
611 2162 749 2226 libellus.

533 2313 614 2377 XVI.
688 2351 690 2356 ,

131 2430 191 2506 Qui
207 2428 307 2508 gravis
322 2446 357 2488 es
371 2429 515 2506 nimium,
537 2434 628 2509 potes
641 2427 716 2488 binc
731 2428 809 2507 iam,
831 2426 950 2509 lector,
972 2430 1059 2492 abire

173 2514 241 2589 Quo
255 2509 348 2574 libet:
370 2512 506 2572 urbanae
520 2513 700 2594 scripsimus
712 2513 774 2574 ista
786 2519 887 2592 togae.

130 2598 206 2658 Nam
223 2615 292 2656 meu
304 2595 484 2676 Lampsacio
499 2595 622 2658 lascivit
634 2597 851 2678 pugiuauersn

172 2683 214 2742 llt
228 2680 427 2742 Tartessisca
442 2687 611 2762 concrepat
624 2700 697 2742 sera
711 2700 809 2742 manu.

131 2767 158 2826 0
175 2766 319 2845 quotiens
335 2762 436 2843 rigido
449 2762 587 2845 pulsabis
600 2763 695 2846 pallio
709 2782 803 2842 vena,

174 2850 224 2911 Sis
240 2849 363 2928 gravior
379 2848 473 2909 Curio
487 2849 696 2928 Fabricioque
710 2847 801 2908 licet!

131 2935 181 2994 'lu
197 2949 321 3014 quoquo
336 2933 491 3012 nequitias
505 2934 607 2994 nostri
620 2930 770 3010 lususque
783 2928 886 2994 libelli

172 3016 243 3080 Uda
256 3015 363 3098 puella
375 3015 479 3096 legas,
499 3018 541 3078 sis
555 3016 701 3078 Patavina
714 3016 797 3077 licet.

129 3102 265 3166 Erubuit
276 3102 443 3182 posuitque
458 3120 558 3161 meum
572 3100 718 3162 Lucretia
732 3095 863 3176 libr'um3

86 3199 123 3251 10
173 3185 236 3247 Sed
252 3205 355 3246 coram
369 3185 484 3261 Brato;
503 3185 616 3265 Brute,
637 3183 767 3246 recede:
789 3183 885 3265 leget.

523 3319 617 3383 XVII.

70 3437 105 3458 ²
128 3434 199 3496 Non
214 3434 314 3495 omnis
327 3435 428 3496 nostri
441 3407 592 3496 nocturna
607 3441 656 3496 est
670 3434 781 3514 pagiua
794 3430 884 3492 libri:

174 3519 316 3580 iuvenies
332 3525 366 3579 et
380 3517 463 3598 quod
477 3537 583 3598 mane,
596 3518 737 3596 Sabine,
758 3516 853 3595 legas.

820 3595 885 3660 17*
