2460 3878
134 207 197 272 274
400 171 404 178 ’
457 207 501 268 or.
518 205 609 268 van.
626 205 874 268 mauranus
926 153 944 164 ⁰

221 357 284 419 Sed
298 359 377 418 tiens
393 363 484 438 atque
499 374 625 435 gemens
640 356 718 416 tanti
732 363 825 434 negat
839 374 908 417 ease
927 357 1065 420 salutern

264 442 367 521 Seque
384 439 485 502 refert
498 441 601 520 potius
617 441 815 519 proposuisse
830 443 918 502 mori.

199 526 280 587 5Vir
292 530 397 602 rogat,
419 532 455 588 ut
467 525 548 583 urat
562 522 677 584 virides
691 541 749 583 nec
767 523 892 584 deserat
906 545 1023 604 annos,

262 610 303 668 llt
317 609 387 667 deri
403 605 485 687 quod
499 609 559 667 lam
573 625 635 667 non
648 607 725 666 facit
737 608 805 688 ipre
820 608 903 668 sinit.

219 694 365 753 Protinus
380 691 531 753 accedunt
544 689 656 750 medici
667 689 870 769 medicaeque
884 691 1055 769 recedunt,

267 773 498 854 Tollunturque
515 773 622 854 pedes.
658 773 684 833 0
700 773 852 834 medicina
867 775 983 852 gravis!

599 906 718 966 Lxxn.

221 1023 333 1083 Dranci
346 1023 437 1082 Natta
452 1021 498 1080 rui
513 1026 602 1078 vocat
615 1018 788 1098 pipinnam,

222 1105 361 1168 Collatus
377 1108 426 1166 cui
440 1103 546 1165 Gallus
563 1108 611 1162 est
625 1101 763 1181 Priapus.
797 1103 805 1111 ’

594 1234 725 1296 Lxxlll.

222 1350 397 1413 Venturum
411 1351 494 1410 iuras
510 1368 633 1431 semper
648 1350 738 1426 milri,
757 1346 880 1428 Lygde,
903 1349 1030 1427 roganti

264 1433 497 1513 Constituisque
511 1436 618 1495 horam
633 1433 855 1510 constituisque
869 1430 985 1494 locum.

224 1518 301 1578 Cum
315 1518 431 1579 frustra
445 1519 526 1579 iacui
541 1516 633 1596 longa
647 1517 805 1596 prurigine
820 1520 942 1594 tentus,

268 1601 428 1663 Succurrit
443 1621 499 1683 pro
515 1609 546 1662 te
562 1619 654 1680 saepe
669 1600 794 1659 sinistra
808 1599 891 1660 milri.

207 1684 312 1761 oQaid
326 1704 455 1765 precer,
477 1706 494 1745 ο
510 1683 618 1762 fallar,
639 1684 759 1743 meritis
774 1691 806 1743 et
821 1684 957 1743 moribus
972 1683 1068 1742 istis?

266 1766 441 1829 Umbellam
455 1768 577 1847 luscae,
597 1766 721 1847 Lygde,
741 1766 824 1827 feras
840 1767 992 1827 dominae.

591 1901 726 1964 LXXlV.

225 2014 399 2094 (iurandum
416 2034 527 2097 penem
543 2013 694 2075 commisit
708 2015 839 2073 Baccara
854 2013 994 2072 Graecus

267 2097 366 2159 Rivall
381 2098 510 2160 medico.
536 2098 669 2159 Baccara
685 2094 791 2157 Gallus
806 2097 875 2156 erit.

600 2229 722 2292 dxxv.

228 2345 334 2407 Theca
349 2351 448 2406 tectus
464 2345 581 2406 ahenea
592 2343 712 2405 lavatur

227 2428 360 2506 Tecum,
381 2427 504 2506 Caelia,
527 2448 650 2502 servus3
671 2423 810 2504 utquid,
833 2442 904 2500 oro,

226 2511 294 2570 Non
309 2514 350 2572 sit
367 2531 434 2572 cum
449 2512 645 2575 citharoedus
661 2516 712 2570 aut
727 2506 912 2568 choraules?

225 2593 293 2654 Non
307 2595 369 2671 vis,
390 2602 425 2658 ut
437 2602 529 2676 puto,
550 2593 717 2656 mentulam
731 2590 848 2653 videre.

204 2679 328 2754 tQuare
344 2697 411 2737 cum
424 2677 539 2758 populo
558 2677 668 2740 lavaris
683 2677 780 2755 ergo?

227 2762 341 2821 Omnes
356 2780 393 2821 an
410 2763 466 2822 tibi
480 2782 536 2822 nos
551 2782 652 2823 sumus
667 2759 842 2842 spadones?

226 2845 326 2924 Ergo,
348 2863 387 2906 ne
402 2845 534 2906 videaris
549 2845 706 2922 invidere,

228 2929 340 3007 Servo,
362 2928 485 3012 Caelia,
503 2927 628 2990 fibulam
643 2928 778 2988 remitte.

596 3061 730 3124 LXXVI.

229 3171 374 3250 Solvere,
396 3172 510 3248 Paete,
532 3171 639 3232 decem
657 3173 715 3232 tibi
729 3152 778 3232 me
793 3170 938 3231 sestertia
953 3170 1056 3248 cogis,
1081 3133 1095 3156 ⁸

268 3254 448 3318 Perdiderit
463 3254 603 3335 quoniam
618 3256 719 3316 Bucco
734 3253 866 3315 ducenta
879 3254 946 3313 tibi.

227 3338 273 3395 Ne
287 3344 435 3416 noceant,
456 3357 528 3413 oro,
549 3339 624 3407 milri
637 3356 698 3398 non
713 3355 781 3398 mea
796 3337 938 3408 crimina:
960 3341 995 3395 tu
1011 3337 1065 3415 qul

268 3419 321 3476 Bis
336 3425 467 3480 centena
482 3427 572 3498 potes
586 3419 738 3497 perdere,
759 3417 858 3499 perde
875 3418 993 3478 decem.
