2426 3900
362 181 702 242 EPIGRAMMATON
715 182 789 242 LlB.
806 183 827 244 l.
1075 181 1116 247 23

158 332 273 394 Procul
288 331 434 392 horridus
447 330 602 391 Liburnus
618 339 650 391 et
666 330 813 410 querulus
829 331 942 412 cliens,

202 417 334 497 imperia
346 415 505 475 viduarum
518 414 642 494 procul;

114 500 229 566 35Non
245 506 368 579 rumpet
381 497 476 560 altum
490 496 624 578 pallidus
642 518 779 558 somnum
792 517 884 577 reus,

171 605 174 612 ’
202 583 266 644 Sed
280 601 368 643 mane
383 589 483 642 totum
498 581 641 642 dormies.

159 669 322 729 Mereatur
338 665 547 744 aliusgrande
563 672 596 726 et
609 667 748 725 insanum
765 667 895 746 sophos:

201 751 358 811 Miserere
372 757 406 809 tu
421 748 560 810 felicium

159 836 307 913 Veroque
321 835 429 894 fruere
444 853 507 893 non
522 835 673 913 superbus
688 831 813 911 gaudio,

114 929 152 982 40
200 919 278 979 Dum
293 919 371 978 Sura
384 916 527 977 laudatur
542 923 621 978 tuus.

159 1002 228 1063 Non
244 1001 444 1082 impudenter
457 1003 520 1060 vita
535 1000 617 1079 quod
632 999 761 1061 relicum
777 1007 826 1060 est
840 1002 936 1080 petit,

202 1086 278 1147 Cum
291 1087 371 1146 fama
387 1084 469 1163 quod
483 1085 557 1144 satis
578 1092 626 1144 est
640 1085 743 1144 habet.

577 1218 612 1277 L.

160 1331 194 1391 Si
207 1331 266 1389 tibi
280 1326 438 1408 Mistyllos
454 1348 563 1406 cocus,
585 1327 775 1406 Aemiliane,
795 1336 936 1409 vocatur,

203 1414 330 1473 Dicatur
346 1431 440 1491 quare
455 1431 517 1472 non
537 1411 692 1474 Taratalla
707 1412 803 1471 mihi?
883 1477 888 1489 ⁸

575 1545 623 1606 Ll.

157 1659 228 1719 Non
242 1659 318 1718 iacit
334 1657 375 1717 ad
388 1675 495 1718 saeros
509 1659 628 1736 cervix,
643 1659 703 1717 nisi
717 1659 831 1737 prima,
845 1657 962 1722 leones.

202 1741 283 1818 Quid
297 1742 449 1820 fogiano·
465 1741 592 1818 dentes,
611 1743 771 1801 ambitiose
786 1741 898 1824 lepus?

158 1825 287 1886 Scilicet
304 1847 321 1885 a
336 1825 452 1904 magnis
467 1824 505 1885 ad
519 1831 555 1890 te¹
567 1823 759 1885 descendere
775 1829 872 1887 tauris

200 1911 241 1970 Et
257 1928 334 1988 quae
348 1928 410 1968 non
425 1915 556 1969 cernunt
568 1909 714 1988 frangere
729 1907 808 1969 colla
821 1909 909 1972 velis.

136 1992 363 2073 5Desperanda
377 1993 435 2052 tibi
450 2000 498 2052 est
511 1994 647 2071 ingentis
663 1991 763 2072 gloria
777 1993 849 2053 fati:

203 2079 271 2138 Non
285 2084 375 2156 potes
392 2077 452 2136 hoc
465 2079 568 2136 tennis
582 2075 699 2156 praeda
713 2079 768 2136 sub
785 2078 876 2138 hoste
892 2078 980 2143 morl.

569 2210 630 2270 Lll.

160 2319 349 2382 Commendo
363 2323 438 2400 tibi,
461 2324 643 2402 quintiane,
665 2327 788 2382 nostros
806 2357 848 2369 -

158 2405 289 2466 Nostros
307 2404 413 2465 dicere
431 2407 458 2465 si
474 2413 577 2466 tamen
591 2404 718 2465 libellos

157 2489 304 2567 Possum,
325 2508 400 2568 quos
414 2492 527 2550 recitat
541 2496 611 2550 tuns
625 2496 718 2571 poeta
731 2510 788 2548 -ε

159 2572 195 2632 Si
211 2571 250 2632 de
267 2575 393 2632 servitio
411 2575 495 2651 gravi
512 2579 698 2652 queruntur,

134 2658 310 2720 5Assertor
324 2657 428 2716 venias
443 2659 579 2738 satisque
592 2665 748 2738 praestes,

157 2742 216 2818 Et,
239 2760 306 2800 cum
321 2758 355 2800 sc
371 2739 526 2800 dominum
542 2742 663 2801 vocabit
675 2739 746 2819 ille,

158 2825 250 2884 Dicas
265 2842 333 2883 esse
348 2843 433 2884 meos
448 2844 599 2904 manuque
615 2826 731 2885 missos.

157 2908 228 2967 Hoc
242 2909 270 2966 si
286 2914 398 2986 terque
415 2915 586 2989 quaterque
602 2907 784 2986 clamitaris,

157 2991 302 3070 lmpones
315 2990 466 3072 plagiario
480 2992 640 3072 pudorem.

557 3141 631 3200 Llil.

156 3251 228 3312 Una
242 3258 292 3312 est
305 3254 339 3312 in
352 3255 468 3313 nostris
484 3262 551 3332 tua,
573 3253 757 3331 Fidentine,
778 3252 897 3315 libellis
992 3257 995 3266 ¹

154 3335 289 3413 Pagina,
308 3335 366 3396 sed
381 3343 467 3397 certa
481 3336 596 3397 domini
610 3339 728 3416 signata
742 3337 857 3416 figura,

155 3419 244 3496 Quae
258 3426 311 3479 tua
324 3419 460 3480 traducit
473 3423 636 3482 manifesto
652 3422 786 3481 carmina
800 3421 893 3482 furto.
