2478 3922
453 179 578 259 samaa
598 211 631 258 x.

65 357 147 418 llaec
169 355 235 415 data
257 367 354 430 poena
379 351 426 410 diu
450 349 629 425 viventibus,
656 360 686 409 ut
709 361 847 410 renovata

67 443 191 518 Semper
217 434 301 496 clade
328 434 430 495 domus
456 433 551 493 multis
572 436 602 493 in
623 433 747 498 luctibus
771 436 857 513 inque

66 525 213 602 Perpetuo
240 535 373 579 maerore
396 527 425 577 et
446 519 528 594 nigra
550 526 633 577 veste
657 527 821 577 senescant.
1004 529 1055 584 245

67 607 134 666 Rex
156 605 272 680 Pylius,
300 618 404 680 magno
430 603 455 661 si
481 602 636 680 quidquam
659 601 755 661 credis
778 600 916 678 Homero,
950 615 953 622 ·

67 686 241 766 Exemplum
266 687 343 746 vitae
365 685 452 746 fulta
475 685 595 744 cornice
619 685 775 745 secundae.

68 773 154 832 Felix
176 771 323 844 nimirum,
349 769 397 847 qui
419 778 462 830 tot
485 785 539 846 per
562 768 663 853 secula
688 777 810 828 mortem

69 855 188 916 Distulit
213 862 301 931 atque
326 869 395 912 suos
421 855 477 912 iam
501 853 603 912 dextra
626 860 772 930 computat
793 871 895 931 annos,

70 931 186 1019 Quique‘
206 954 311 996 novum
332 937 420 996 toties
443 944 564 996 mustum
590 934 671 995 bibit.
705 933 780 1010 Oro,
806 954 962 1016 parumper
1005 950 1102 1020 asoX

68 1022 227 1096 Attendas,
253 1027 388 1100 quantum
413 1020 450 1080 de
480 1019 595 1096 legibus
619 1020 683 1096 ipse
706 1029 843 1096 queratur
1058 1007 1086 1031 χ

68 1107 205 1166 Fatorum
228 1112 259 1162 et
283 1104 369 1162 nimio
391 1103 428 1163 de
451 1103 588 1177 stamine,
610 1119 695 1186 (ΙΨ
714 1103 794 1164 videt
816 1106 891 1164 acris

67 1189 216 1250 Antilochi
239 1186 359 1246 barbam
382 1187 547 1262 ardentem,
575 1204 660 1268 quum
683 1187 795 1266 quaerit
817 1187 854 1247 ab
878 1190 954 1249 omni

69 1273 208 1352 Quisquis
245 1270 329 1330 adest
355 1271 468 1346 socius,
494 1288 545 1330 our
566 1269 641 1330 haec
662 1271 691 1329 in
713 1280 844 1348 tempora
869 1273 963 1350 duret,

69 1356 155 1430 Quod
177 1355 289 1415 lacinus
311 1353 426 1432 dignum
449 1363 506 1414 tam
529 1352 618 1432 longo
641 1354 788 1414 admiserit
811 1349 918 1416 aevoP
1005 1367 1056 1421 255

68 1439 150 1499 Haeo
177 1439 281 1498 eadem
303 1436 428 1512 Peleus,
452 1446 564 1516 raptum
610 1457 675 1498 uum
697 1439 779 1514 luget
803 1438 958 1517 Achillem,

68 1524 166 1602 Atque
191 1522 281 1596 alius,
313 1522 359 1580 eui
380 1521 425 1581 ias
449 1519 577 1581 ltlraoum
612 1540 704 1600 agere
725 1530 877 1582 natantem.

68 1606 211 1667 lucolumi
233 1603 320 1664 Troia
344 1603 473 1666 Priamus
494 1605 625 1666 venisset
650 1606 686 1665 ad
707 1604 824 1666 umbras

68 1689 209 1750 Assaraci
230 1689 342 1765 maguis
365 1687 570 1764 sollemnibus,
593 1688 721 1748 Hectore
746 1689 831 1750 funus

68 1775 206 1835 Portante
227 1789 263 1832 ae
284 1769 405 1851 reliquis
427 1772 546 1832 fratrum
572 1772 735 1832 cervicibus
757 1773 832 1832 inter
1005 1783 1057 1837 26⁰

68 1856 189 1918 lliadmu
214 1855 364 1932 lacrimas,
391 1864 421 1914 ut
444 1857 552 1934 primos
578 1856 668 1917 edere
685 1851 823 1935 'planctus

70 1938 235 2002 Cassandra
256 1939 400 2018 inciperet
424 1941 575 2017 scissaque
600 1939 748 2015 Polyxena
774 1939 861 2017 palla,

70 2027 101 2085 si
128 2023 205 2084 toret
229 2024 387 2083 exstinctus
414 2021 532 2083 diverso
555 2033 707 2102 tempore,
730 2041 788 2104 quo
811 2039 885 2083 nou‘

70 2105 219 2187 Coeperat
241 2106 368 2168 audaces
390 2106 471 2168 Paris
492 2107 647 2168 aedificare
672 2110 794 2170 carinas.

69 2193 169 2269 Longa
194 2191 257 2251 dies
282 2191 368 2267 igitur
390 2189 459 2269 quid
481 2188 620 2251 contulit?
645 2193 738 2252 omnia
760 2191 831 2250 vidit
1007 2200 1058 2254 265

71 2276 184 2336 Eversa
207 2282 237 2334 et
258 2273 378 2334 llammis
398 2273 498 2334 Asiam
524 2275 664 2353 ferroque
687 2276 848 2336 cadentem.

72 2359 152 2418 Tunc
172 2357 257 2418 miles
281 2357 420 2418 tremulus
447 2359 543 2436 posita
567 2358 632 2420 tulit
654 2376 732 2419 arma
760 2358 832 2417 tiara

70 2441 107 2501 m
130 2444 187 2502 ruit
208 2449 274 2502 ante
297 2459 375 2502 aram
399 2443 499 2502 summi
523 2441 617 2518 lovis,
643 2451 672 2502 ut
695 2439 811 2501 vetulus
834 2439 899 2514 bos,

73 2525 128 2598 Qui
152 2525 260 2586 domiui
283 2525 382 2584 cultris
404 2535 491 2585 tenue
519 2535 549 2585 et
570 2524 736 2586 miserabile
762 2523 869 2584 collum

72 2608 213 2686 Praebet,
240 2607 276 2668 ab
300 2610 413 2686 ingrato
435 2610 491 2670 iam
515 2610 659 2673 fastiditus
685 2618 790 2670 aratro.
1007 2613 1060 2668 aio

73 2690 174 2752 Exitus
196 2691 247 2751 ille
270 2702 425 2772 utcumque
448 2693 588 2770 bominis,
614 2694 667 2755 sed
689 2703 772 2753 torva
795 2693 896 2752 canino

74 2776 198 2836 latravit
219 2777 308 2852 motu,
334 2793 409 2853 quae
431 2777 596 2854 posthunc
617 2778 746 2852 vixerat,
768 2793 853 2836 uxor.

74 2858 191 2919 Festino
216 2860 389 2920 adnostros
413 2870 443 2921 et
467 2879 569 2937 regem
590 2870 707 2922 transeo
730 2860 812 2920 Ponti

76 2941 110 3001 bt
131 2941 289 3018 Croesum,
313 2961 400 3022 quem
424 2961 483 3005 vox
505 2945 571 3004 iusti
591 2944 715 3005 facunda
739 2943 856 3004 Solonis

76 3023 236 3104 Respicere
257 3026 293 3086 ad
316 3027 423 3105 longae
444 3029 527 3090 iussit
550 3030 642 3106 spatia
665 3026 761 3087 ultima
785 3028 873 3086 vitae.
1008 3031 1060 3088 275

78 3106 197 3170 Exilium
223 3119 253 3169 et
275 3129 378 3172 carcer
397 3111 660 3190 Minturnarumque
682 3111 806 3190 paludes

79 3190 112 3250 Et
133 3193 311 3255 mendicatus
332 3197 409 3256 victa
438 3193 613 3273 Carthagine
634 3197 717 3274 panis

80 3271 145 3336 llino
166 3295 270 3338 causas
292 3277 431 3340 habuere.
465 3280 540 3352 Quid
561 3279 613 3340 illo
638 3281 702 3339 eive
726 3279 841 3338 tulisset

79 3353 179 3420 Natura
205 3360 233 3419 iu
256 3363 358 3439 terris,
384 3363 453 3441 quid
476 3363 567 3424 Roma
587 3363 699 3423 beatius
722 3379 865 3439 umquam,

81 3437 107 3498 Si
130 3445 325 3506 circumducto
350 3448 528 3525 captivorum
551 3449 665 3525 agmine
689 3455 718 3506 et
743 3446 819 3504 omni
