2460 3878
340 232 681 350 EPiGRAnimp'ion
694 236 767 298 LIB.
784 237 835 297 xl.
1049 238 1108 303 281

193 383 236 443 Et
249 383 332 442 iuvat
346 382 478 443 admissa
492 401 638 464 rumpere
652 381 724 444 lnce
738 384 827 446 latus.

150 466 260 528 Fascio
274 471 307 525 te
322 468 507 546 tunicaeque
521 469 714 548 obscuraque
727 467 823 548 pallia
838 467 957 530 celante

195 551 238 610 At
252 550 328 609 mihi
342 547 427 610 nullo
443 551 516 610 antia
534 549 617 610 nuda
629 548 735 631 puella
748 552 838 613 iacet.

150 634 240 693 Beria
255 650 305 692 me
320 634 444 713 capiunt
457 631 586 694 blandae
601 635 719 695 imitato
736 634 908 697 columban:

109 729 142 780 10
192 717 241 776 Tu
256 717 331 776 mihi
347 716 416 796 dar,
438 718 522 778 aviae
538 717 639 796 qualia
653 737 741 778 mane
757 718 848 782 soles.

150 801 215 861 Nec
230 805 315 860 motu
330 799 465 879 dignaris
481 820 558 880 opuo
572 819 631 860 nec
645 821 721 862 voce
735 803 857 882 iuvare,

192 884 257 943 Nec
273 882 392 962 digitis:
411 890 554 963 tanquam
569 892 638 945 tnra
654 904 833 963 merumque
847 905 949 966 parea.

150 966 425 1027 Masturbabantur
437 967 566 1047 Phrygii
580 977 652 1048 post
665 970 743 1029 ostia
757 971 854 1047 uerri,

191 1052 356 1111 Hectoreo·
367 1051 510 1128 quotiens
525 1050 651 1112 auderat
665 1072 741 1112 nxor
760 1072 851 1131 equo.

106 1133 190 1197 15Et
205 1136 340 1213 quamvis
355 1134 460 1194 Ithaco
477 1141 631 1197 otertente
647 1135 759 1216 pudice
774 1134 896 1196 solebat

191 1217 258 1278 illie
272 1216 433 1299 Penelope
450 1237 575 1300 semper
592 1220 709 1279 habere
724 1239 852 1280 manum.

149 1300 318 1362 Paedicare
332 1321 443 1381 negas:
466 1303 558 1363 dabat
571 1304 631 1363 boc
646 1303 793 1364 Cornelia
808 1302 965 1380 Graccho,

192 1385 267 1445 iulia
281 1385 445 1466 Pompeio,
465 1386 590 1464 Porcia,
611 1387 723 1465 Brute,
745 1388 810 1448 tibi.

148 1468 256 1529 Dulcia
269 1468 423 1538 Dardanio
440 1469 575 1530 nondum
589 1471 739 1530 miscente
754 1472 894 1530 ministro

105 1564 141 1616 20
190 1552 305 1612 Pocula
320 1553 394 1612 iuno
411 1551 471 1613 fuit
484 1571 541 1632 pro
558 1552 737 1633 Ganymede
752 1555 825 1614 lovi.

149 1636 182 1697 Si
197 1642 229 1696 te
246 1633 384 1697 delectat
399 1639 547 1715 gravitas,
570 1636 716 1697 Lucretia
731 1644 797 1698 toto

109 1785 113 1794 ,
193 1719 242 1779 Sia
261 1717 338 1780 licet
353 1739 450 1800 usque
466 1719 534 1799 die,
556 1720 650 1781 Laida
664 1728 756 1781 nocte
770 1720 850 1780 volo.

556 1833 620 1894 CV.

148 1931 297 1991 Mittebas
312 1928 439 2009 librum,
462 1930 681 2010 quadrantem,
703 1930 848 2007 Garrice,
871 1929 977 1989 mittio.

103 2013 118 2034 '
193 2012 310 2074 Saltem
326 2015 501 2092 nemimem,
518 2014 665 2091 Garrice,
688 2010 774 2073 solve
788 2013 871 2072 mihi.

148 2223 220 2286 Vibi
233 2223 385 2301 Maxime,
407 2224 433 2281 ni
447 2242 534 2282 vacas
549 2127 651 2300 buble,
676 2211 680 2222 ¹

148 2307 216 2367 Hoc
234 2312 352 2367 tentum
364 2304 453 2384 lege:
474 2324 606 2385 namque
621 2312 654 2366 et
669 2309 834 2384 occupatur

147 2391 188 2450 nt
202 2409 263 2450 non
280 2407 313 2448 eo
328 2391 454 2449 nimium
467 2388 649 2451 laboriosus.

148 2474 276 2534 'irensis
290 2474 347 2534 hoo
366 2491 488 2553 quoque
503 2471 669 2551 quattuor?
691 2471 807 2551 sapisti.

543 2583 637 2646 cvii:

146 2680 335 2763 Explicitum
349 2682 439 2742 nobis
455 2700 551 2760 usque
567 2679 606 2740 ad
621 2680 676 2740 tua
690 2697 805 2739 cornua
817 2675 932 2744 librum

188 2768 231 2828 Et
244 2765 332 2844 qnaai
346 2763 537 2845 perlectum,
560 2764 754 2844 Septiciane,
776 2761 888 2822 refero.

147 2851 257 2912 Omnia
271 2849 386 2926 legisti.
417 2846 539 2926 Credo,
562 2848 643 2925 ocio,
666 2844 803 2925 gaudeo,
824 2861 930 2904 verum
944 2847 1001 2903 eat

189 2931 318 3011 Perlegi
331 2930 430 2993 libros
445 2933 490 2991 ric
505 2949 563 3009 ego
580 2932 715 3010 quinque
734 2935 812 2988 tuos.

528 3043 630 3105 cvlss.
670 3031 673 3038 ⁴

147 3143 289 3222 Quamvis
305 3148 367 3202 tam
382 3139 475 3219 longo
490 3141 589 3220 porcia
605 3145 690 3201 satur
705 3157 774 3200 ease
787 3135 914 3207 libello,

188 3227 320 3305 Lector,
343 3225 442 3286 cdbno
458 3245 474 3284 a
488 3242 537 3284 me
552 3222 684 3284 dlotIcha
697 3242 793 3304 panca
807 3218 909 3304 petis(

147 3311 211 3373 Sed
228 3312 332 3391 anua
348 3326 471 3369 usuram
484 3309 637 3388 puerique
656 3306 753 3368 diaria
766 3309 906 3387 poscunt.

188 3395 318 3472 Lector,
338 3389 431 3454 calve.
465 3391 565 3453 Taceo
581 3389 836 3468 dissimulaaqnel
865 3383 953 3450 Vale.
