2426 3900
354 191 694 284 EPIGRAMMATON
710 193 783 256 LIB.
803 194 838 255 11.
1073 188 1116 256 43

576 395 606 456 X

158 509 249 570 Basia
266 499 394 588 dimidio
414 506 497 585 quod
513 505 567 567 das
585 509 676 586 mihi,
697 507 859 586 Postume,
880 506 989 590 labro,

199 590 322 653 Laudo:
343 589 421 651 licet
441 589 545 651 demas
562 592 634 666 hiuc
653 610 775 670 quoque
794 591 961 653 dimidium.

158 677 215 740 Vis
234 674 309 736 dare
322 676 422 735 maius
440 672 539 735 adhuc
557 680 591 735 ct
608 673 818 734 inenarrabile
836 695 962 755 munus,

105 804 121 838 ³,
200 761 269 844 Hoc
285 760 343 820 tibi
359 759 442 822 habe
459 765 574 837 totum,
596 759 757 836 Postume,
781 757 949 821 dimidium.

157 1003 248 1081 Quod
262 1003 369 1064 fronte
386 1000 502 1064 Selium
518 1002 624 1064 nubila
641 1003 745 1081 vides,
767 921 1001 1082 liutmN

143 1083 248 1167 fluod
265 1086 437 1154 ambulator
453 1089 609 1168 porticum
628 1088 704 1146 terit
722 1106 839 1164 aeram,
1013 1087 1016 1096 '

145 1165 302 1252 Jn‘ugubrc
321 1170 466 1250 quiddam
487 1170 570 1250 quod
586 1177 671 1231 tacet
684 1171 775 1251 piger
791 1170 912 1252 vultus,

33 1249 66 1360 ἱ
185 1254 246 1316 uod
262 1253 363 1336 paene
379 1262 496 1316 terram
512 1274 603 1314 nasus
620 1252 769 1315 indecens
787 1258 903 1334 tangit,

59 1311 103 1388 υἷ’
130 1349 147 1401 5
184 1339 245 1400 uod
262 1338 371 1399 dextra
386 1345 496 1418 pectus
512 1337 614 1418 pulsat
631 1346 664 1398 et
682 1358 797 1398 comam
813 1338 919 1401 vellit:

120 1409 129 1429 ’
155 1411 224 1506 idon
237 1420 294 1482 ille
312 1424 402 1482 amici
417 1423 481 1483 tata
497 1420 585 1501 luget
602 1428 654 1481 aut
669 1422 792 1501 fratris,

146 1491 297 1600 potorque
312 1513 402 1567 natus
421 1507 496 1567 vivit
511 1514 545 1566 et
561 1525 675 1586 precor
692 1508 788 1584 vitat,

151 1576 248 1658 ,Silva
269 1597 318 1651 cst
335 1596 369 1652 et
386 1610 463 1651 uxor
481 1592 681 1668 sarcinaeque
700 1593 871 1670 servique,

146 1656 241 1754 nihil
261 1674 387 1735 colonus
407 1672 578 1752 vilicusque
596 1673 726 1737 decoxit.

110 1759 309 1822 loMaeroris
325 1759 421 1836 igitur
438 1778 527 1818 causa
547 1759 649 1844 quoe?
684 1757 772 1818 Domi
789 1737 1021 1883 cem-ss

559 1906 622 1965 XII.
723 1935 724 1938 ¹

154 2021 232 2080 Esne
248 2018 397 2098 quidhoc
415 2018 529 2096 dIcam,
552 2018 635 2100 quod
649 2017 735 2080 olent
752 2026 804 2078 tua
816 2018 900 2079 basia
912 2018 1067 2097 myrrham

197 2103 348 2183 Quodque
359 2105 417 2164 tibi
429 2109 478 2163 est
489 2122 642 2182 nunquam
654 2117 716 2162 non
729 2100 848 2162 alienus
862 2100 961 2162 odori

154 2189 222 2252 Hoc
245 2188 321 2248 mihi
344 2193 520 2268 suspectum
542 2193 607 2265 est,
632 2185 715 2266 quod
740 2187 805 2248 oles
831 2186 930 2263 bene,
953 2185 1111 2264 Postume,

195 2355 358 2433 Postume,
380 2374 443 2415 non
462 2288 628 2415 bllldpcllret
648 2354 700 2432 qui
718 2353 799 2411 bene
818 2367 941 2429 semper
958 2347 1033 2414 olet.

412 2543 419 2559 ‚
549 2487 627 2547 XIII.

151 2598 194 2660 Et
208 2597 398 2679 iudexpetit
415 2605 448 2659 et
464 2599 545 2679 petit
561 2604 718 2679 patronus.

153 2681 260 2744 Solvas
279 2701 408 2763 censeo,
430 2682 541 2760 Sexte,
563 2681 727 2744 creditori,

547 2815 627 2878 XIV.

150 2926 204 2988 Nil
221 2929 438 3008 intemptatum
455 2928 571 3008 Selius,
592 2928 639 2990 nil
654 2930 769 3010 lInquit
784 2931 940 3008 inausum,

194 3011 374 3073 Cenandum
392 3014 534 3091 quotiens
550 3015 611 3075 iam
627 3013 713 3074 videt
730 3032 799 3074 esse
819 3012 910 3075 domi.

150 3095 259 3157 Currit
275 3095 314 3156 ad
330 3096 478 3177 Europen
497 3104 530 3158 et
546 3104 594 3176 te,
615 3097 760 3177 PauIIne,
782 3104 914 3178 tuosque

192 3178 312 3243 Laudat
327 3179 506 3260 Achilleos,
528 3181 585 3242 sed
602 3183 669 3242 sine
687 3183 766 3262 fine,
787 3180 895 3263 pedes,

125 3263 185 3326 tsi
202 3261 282 3324 nihil
297 3265 424 3344 Europe
440 3266 532 3344 fecit,
554 3272 617 3327 tum
636 3266 731 3346 Septa
748 3272 913 3347 petuntur,

191 3345 226 3408 Si
244 3348 320 3428 quid
336 3347 515 3428 Philyrides
531 3356 671 3431 praestet
687 3357 719 3410 et
737 3349 919 3410 Aesonides.

147 3431 230 3492 llinc
250 3451 373 3515 quoque
391 3432 540 3514 deceptus
558 3435 761 3515 Memphitica
777 3430 894 3514 templa
910 3433 1105 3512 frequentat,
