2500 3912
462 237 670 286 PRAEFATIO.
985 243 1048 292 m

66 385 210 442 emendanda
220 389 327 454 superet.
346 382 373 436 16
385 381 543 438 talibusenim
552 397 598 436 nec
608 381 653 437 sibi
662 399 708 438 666
717 384 768 438 aliis
778 384 960 457 nllusumquam
972 388 1048 443 editor

65 483 234 542 usquequaque
251 465 394 529 satisfaciet,
416 481 462 520 nec
479 465 537 520 mihi
551 465 659 521 lalmium
670 468 780 522 institute
797 484 842 524 suo
852 484 947 539 semper
958 472 1047 526 consti-

63 557 119 609 tisse
128 554 204 609 videri
221 556 247 606 et
257 551 282 605 16
292 549 406 605 vindiciis
416 565 492 620 nuper
503 549 578 604 Indici
589 550 645 605 1661.
657 558 716 606 aest.
729 554 798 610 1864
809 555 944 622 praemissis
955 555 1047 626 signiti-

64 640 112 692 cari
124 644 148 693 et
156 637 205 691 hac
214 635 320 691 editione
332 633 457 702 declaravi,
472 647 519 705 qua
530 634 574 688 etsi
584 633 643 690 nihil
654 637 733 708 magis
744 635 840 690 efficere
850 638 922 702 volui,
937 654 1008 709 quam
1019 647 1046 696 ut

62 723 183 792 praeclara
192 721 233 777 illa
245 733 317 789 opera
326 733 341 774 a
351 717 461 788 plurimis
471 726 650 790 agnosceretur,
663 726 730 775 erant
742 721 814 775 etiam
824 736 885 792 quae
897 737 950 776 mea
961 731 1045 778 aucto·

61 808 130 860 ritate
141 804 272 876 propagari
282 802 386 865 nollem:
403 817 431 856 ea
451 808 532 857 166666
549 803 611 872 ipsa,
622 805 644 859 si
655 804 685 858 ah
702 804 873 876 orthographia
884 814 909 860 et
921 809 1044 876 interpun-

60 892 142 944 ctione
153 887 300 952 discesseris,
315 885 345 940 de
356 902 402 957 qua
413 887 514 956 amplior
533 887 666 956 explicandi
677 889 745 943 locus
760 889 934 958 exspectandus
946 899 994 953 est,
1007 893 1045 946 rel

60 987 161 1028 numero
177 973 216 1028 vel
233 971 383 1042 argumentis
400 975 450 1025 tam
468 971 558 1043 exigua
573 978 644 1038 sunt,
666 979 693 1027 ut
710 987 741 1025 66
752 978 854 1042 augusta
867 973 963 1042 quidem
974 974 1045 1029 huius

59 1055 299 1127 praelationisspatia
309 1055 456 1110 succinctam
468 1069 553 1109 eorum
565 1055 682 1110 rationem
695 1055 762 1109 reddi
772 1061 860 1110 retent.

146 1139 223 1196 l.ih.l.
235 1137 283 1194 Sat.
292 1139 311 1192 l.
323 1153 347 1196 u.
356 1141 406 1196 126
415 1139 518 1212 quiescet
529 1137 600 1203 etth,
612 1138 711 1212 quiescit
721 1136 786 1192 lahn.
800 1153 856 1192 cum
867 1139 1000 1212 plerisque;
1011 1142 1043 1197 cf.

57 1225 155 1280 lindie.
168 1239 191 1294 p.
204 1223 310 1282 e-V.
319 1224 371 1280 169
381 1223 459 1278 661616
473 1228 528 1278 6616
538 1221 679 1277 tubosValla
690 1238 712 1276 c.
721 1221 917 1281 1666111118.
932 1230 978 1285 10:
990 1227 1044 1280 661-

56 1315 138 1364 66616
147 1307 204 1364 tudo
219 1307 287 1368 lihri;
305 1313 330 1361 at
340 1307 360 1360 si
377 1305 434 1362 tuba
449 1307 557 1371 auditur,
577 1306 625 1362 lam
636 1321 689 1361 sera
701 1309 847 1376 poenitentia
858 1315 908 1368 est:
919 1323 966 1362 nec
980 1312 1043 1380 quod

56 1395 122 1447 tahu.
135 1409 157 1449 c.
170 1390 308 1447 Heinrichio
317 1390 418 1462 aliisque
428 1391 540 1462 praetulit
550 1391 629 1446 animo
638 1406 710 1446 sensu
721 1399 841 1461 praestare
853 1393 902 1447 dixi
917 1393 947 1446 de
959 1393 1041 1448 Coelio.

56 1479 138 1532 turen.
151 1491 177 1546 p.
191 1480 234 1534 18.
253 1474 346 1544 Nempe
356 1474 443 1529 eodem
453 1475 572 1544 exemplo,
587 1490 634 1546 quo
645 1475 712 1530 Plato
723 1474 811 1532 Phaed.
823 1491 847 1546 p.
858 1479 893 1534 94
904 1483 929 1529 et
939 1475 1041 1546 Itepuhl.

56 1568 76 1630 1.
90 1565 144 1618 411
160 1559 225 1629 apud
236 1559 333 1615 Homer.
345 1556 430 1630 Odyss.
442 1559 495 1613 llll.
510 1562 540 1618 17
553 1559 603 1613 heri
616 1559 701 1623 docet,
712 1559 752 1613 hic
762 1575 858 1631 quoque
869 1553 899 1612 τὸ
913 1552 1043 1628 61661666-

54 1640 178 1712 σᾰμενον
188 1639 254 1712 περὶ
263 1643 314 1696 τοῦ
326 1636 462 1713 βελτίονός
469 1639 552 1696 cauci
563 1643 685 1712 palpones
695 1643 732 1714 eqd
744 1634 892 1711 ἀλογίστως
903 1641 1043 1712 θυμουμέ-

55 1749 93 1799 νῳ
107 1722 280 1796 teterrimi:
299 1728 332 1782 61.
344 1727 416 1781 etiam
427 1727 477 1783 Cic.
491 1727 588 1782 Tuscul.
601 1727 630 1782 ll.
645 1733 693 1789 20:
711 1728 806 1799 quodsi
818 1730 849 1783 ita
862 1735 993 1783 extremam
1004 1745 1042 1782 sa·

55 1816 116 1866 tirae
127 1819 222 1882 partem
236 1810 412 1878 distribuimus,
425 1818 452 1865 ut
463 1826 487 1868 v.
499 1811 645 1869 tao—157
657 1818 681 1865 et
693 1815 790 1868 160-
799 1815 850 1870 169
861 1814 935 1878 ratio,
946 1829 967 1867 r.
985 1815 1041 1870 156.

57 1902 116 1954 169.
131 1897 256 1954 170171
275 1895 368 1949 animus
384 1895 507 1966 loquatur,
520 1894 599 1960 huuc,
618 1896 687 1950 cuius
703 1895 836 1967 indignatio
847 1912 869 1950 v.
886 1899 919 1954 79
931 1897 993 1965 ipsas
1004 1911 1041 1950 sa·

55 1984 113 2034 tirus
130 1980 212 2034 iacere
229 1980 293 2034 dicta
303 1985 352 2045 est,
370 1993 394 2032 v.
408 1981 458 2037 169
475 1986 541 2033 recte
552 1980 665 2050 appellari
676 1985 749 2049 patet.
766 2007 809 2018 -
828 1978 878 2036 Sat.
890 1978 966 2037 1131
980 1979 1042 2050 ipsis

54 2066 147 2136 irrigo:
166 2064 216 2134 apri
232 2062 298 2118 lahn.
317 2077 339 2117 c.
353 2061 431 2127 Pith,
449 2064 517 2135 quasi
535 2065 630 2133 potiore
642 2063 741 2117 Veneris
758 2063 907 2126 conditione,
920 2064 988 2117 cuius
999 2079 1042 2132 par

53 2165 112 2203 crun
127 2146 204 2202 hiartc
221 2147 289 2202 locus
306 2153 357 2209 est;
375 2163 420 2202 666
434 2147 498 2218 quod
508 2148 581 2203 verbo
594 2148 763 2209 concedimus,
774 2154 802 2201 ut
813 2147 860 2202 duo
870 2147 978 2201 subiecta
993 2147 1041 2200 siu-

52 2233 134 2303 gutari
144 2246 245 2286 numero
259 2231 390 2296 antecedat,
404 2231 518 2286 attributo
529 2233 648 2286 convenit.
665 2257 700 2270 -
713 2230 741 2285 V.
752 2232 786 2287 49
800 2230 874 2284 teuta
885 2246 947 2300 ego;
969 2229 1042 2282 lelio

53 2318 121 2370 latin
134 2331 157 2369 6.
169 2315 304 2387 plerisque,
323 2313 404 2370 Medio
414 2315 476 2371 Pith.
486 2335 493 2376 ;
505 2314 537 2370 61.
548 2315 640 2382 Vindio.
652 2329 676 2382 p.
689 2318 713 2370 6.
724 2339 759 2350 —-
770 2313 796 2368 V.
808 2317 842 2368 98
853 2314 970 2367 excidisse
981 2328 1042 2366 oon-

52 2400 121 2453 uulla
132 2399 215 2453 lahnio
226 2413 275 2454 uon
287 2400 373 2461 credo;
385 2399 568 2470 etparticipium
579 2413 635 2452 cum
647 2395 844 2451 antecedentibus
854 2396 933 2466 iungit
944 2402 972 2449 ut
979 2395 1040 2452 XIV.

51 2487 119 2539 119.
131 2511 173 2520 ·-
183 2481 210 2538 t.
226 2487 285 2540 145.
305 2486 357 2542 146
376 2498 437 2554 quae
448 2483 561 2537 cancellis
575 2480 763 2549 circumscripsi,
779 2485 878 2550 propter
893 2479 1041 2534 nimietatem

51 2565 212 2621 enumerandi
229 2572 340 2636 suspecta
351 2573 424 2628 sunt:
442 2583 489 2638 quo
506 2567 529 2621 16
544 2580 634 2639 genere
644 2564 757 2637 quoniam
774 2564 841 2633 plura
851 2566 939 2634 passim
950 2567 1039 2631 notari,

50 2652 130 2705 semel
143 2666 245 2716 moneo,
258 2665 298 2705 me
314 2650 343 2705 de
354 2651 392 2704 his
403 2667 451 2705 non
462 2651 601 2723 siugulatim
612 2651 654 2704 sed
666 2651 698 2704 ita
709 2647 809 2703 iudicari
819 2650 894 2713 velle,
907 2657 934 2704 ut
946 2651 1040 2703 unirer·-

51 2738 85 2788 sis
98 2735 244 2806 comparatis
255 2735 363 2806 quamvis
380 2735 459 2789 callidi
479 2733 654 2804 interpolatoris
665 2733 790 2788 artificium
808 2734 832 2788 in
843 2733 959 2788 luvenalis
969 2734 1040 2787 resti·

51 2822 101 2889 giis
112 2820 196 2889 inepta
213 2817 398 2887 amplificatione
412 2818 531 2881 imitandis
547 2825 669 2874 noscatur.
701 2815 803 2888 Singula
822 2819 894 2871 etiam
905 2817 1040 2871 lureuatem

49 2903 160 2956 scrihere
177 2902 285 2971 potuisse
295 2917 344 2974 non
356 2916 437 2973 uego;
454 2909 479 2956 at
494 2903 583 2957 mirum
594 2902 656 2957 soret
673 2901 739 2955 hunc
751 2901 812 2956 tales
823 2901 997 2956 cumulationes
1008 2901 1040 2954 ita

50 3002 150 3056 semper
162 2985 301 3049 instituisse,
313 2992 341 3041 ut
351 2987 446 3058 integra
457 2987 598 3059 plerumque
608 2984 758 3040 hemistichia
770 2985 859 3040 aliaeve
870 2986 1040 3040 6166666661-

49 3086 124 3124 suum
135 3068 269 3140 particulae
285 3069 336 3124 siue
347 3085 432 3124 seusus
447 3070 548 3125 metrire
558 3071 701 3125 detrimento
713 3068 765 3123 tolli
776 3075 882 3139 possent.
895 3068 975 3122 -11,
989 3073 1041 3126 150

50 3161 73 3206 et
86 3161 179 3209 eontmo
192 3153 283 3224 vulgo;
300 3160 404 3226 eomtmo
417 3153 483 3209 lahn.
503 3169 533 3208 ex
550 3154 616 3208 tenui
627 3153 766 3222 liutprandi
777 3155 932 3217 auctoritate,
947 3153 985 3208 cui
997 3151 1040 3206 do·

49 3245 117 3290 atam
134 3237 184 3293 loci
194 3235 326 3308 Vergihani
337 3239 396 3293 hen.
406 3237 445 3295 vt.
458 3241 510 3296 302
526 3238 728 3293 reminiscentiam
739 3238 824 3293 cedere
835 3238 916 3296 uoluit
932 3250 1040 3307 praeser-

51 3323 97 3374 tim
108 3337 184 3392 quum
199 3319 322 3377 Pithoeani
334 3323 419 3377 lacuna
431 3367 436 3379 .
446 3366 452 3378 .
462 3362 484 3377 ..
502 3329 551 3377 tem
567 3329 696 3392 utmmque
707 3322 833 3384 admittat,
844 3336 923 3391 neque
937 3327 958 3374 et
970 3319 1039 3374 166116

51 3406 183 3459 desiderari
199 3405 316 3463 videatur.
352 3405 430 3461 Etiam
448 3423 470 3460 v.
484 3410 535 3466 159
545 3406 715 3478 plerorumque
725 3405 854 3459 lectionem
864 3405 921 3458 illuc
936 3404 979 3456 herr
995 3402 1040 3454 mi·

51 3490 103 3542 aeri
114 3487 381 3554 rememorantem
393 3490 536 3562 nonquam
548 3496 639 3544 urcem
648 3487 743 3543 traduci
759 3488 859 3541 miseros
870 3487 1037 3554 intelligerem,

50 3573 96 3625 sed
109 3583 135 3627 ut
146 3572 210 3643 apud
222 3572 330 3628 Persium
347 3585 400 3630 est:
417 3573 512 3630 outre
525 3573 597 3645 impiae
608 3572 659 3625 dues
674 3571 737 3624 61166
754 3571 839 3635 miser,
858 3567 941 3620 166166
961 3578 1039 3616 remor
