2426 3900
418 235 462 295 Μ.
480 233 572 295 vnn.
589 231 815 294 Mau'rmms

586 433 651 494 XL.

81 537 83 544 ⁴
182 550 241 626 Qui
256 548 342 608 ducis
356 545 458 606 voltus
476 551 508 606 ct
525 566 586 606 non
600 545 681 625 Iegis
695 547 755 607 ista
770 546 925 626 libenter,

223 632 371 692 Omnibus
385 628 538 708 invideas,
560 629 673 708 livide,
696 649 785 690 nemo
800 631 867 690 tibi.

579 763 656 825 XLI.

180 877 324 940 Urbanus
338 880 412 955 tibi,
435 879 570 958 esseni,
590 878 714 939 videris.

180 962 314 1041 Nouos,
336 961 431 1024 crede
445 964 529 1024 mibi.
562 962 643 1040 Quid
660 965 756 1041 ergo?
778 981 888 1041 verns,

181 1048 251 1107 Hoc
266 1047 349 1127 quod
362 1048 602 1108 transtiberinus
618 1045 808 1125 ambulator,

181 1131 241 1206 Qui
255 1129 405 1211 pallentia
420 1128 600 1210 sulphurata
614 1131 722 1191 fractis

162 1215 344 1274 5Permutat
355 1215 481 1293 vitreis,
503 1213 586 1294 quod
600 1216 718 1275 otiosae

181 1297 300 1358 Vendit
313 1298 366 1377 qui
380 1296 534 1358 madidum
550 1300 634 1359 cicer
648 1317 797 1376 coronae,

181 1379 272 1456 Quod
285 1387 388 1441 custos
403 1380 606 1462 dominusque
618 1385 811 1463 viperarum,

181 1462 271 1542 Quod
285 1464 363 1525 viles
377 1466 467 1546 pueri
482 1465 679 1543 salariorum,

181 1548 271 1624 Quod
284 1549 433 1610 fumantia
448 1552 499 1628 qui
514 1549 644 1610 tomacla
660 1570 769 1611 raucus

139 1634 371 1696 locircumfert
385 1633 500 1715 tepidis
515 1655 606 1694 cocus
620 1635 761 1715 popinis,

182 1716 273 1793 Quod
288 1736 350 1776 non
365 1719 498 1797 optimus
514 1719 637 1777 urbicus
652 1725 761 1798 poeta,

182 1800 273 1876 Quod
286 1800 325 1860 de
341 1800 477 1861 Gadibus
491 1803 650 1880 improbus
664 1802 822 1880 magister,

182 1883 271 1961 Quod
287 1886 383 1944 bucca
398 1890 446 1944 est
462 1884 557 1944 vetuli
573 1885 660 1946 dicax
673 1883 803 1945 cinaedi.

181 1969 283 2043 Quare
301 1968 408 2028 desine
422 1970 483 2028 iam
496 1970 554 2029 tibi
568 1969 669 2029 videri

138 2050 269 2129 15Quod
283 2050 343 2111 soli
357 2052 431 2128 tibi,
451 2051 585 2130 Caecili,
606 2052 738 2129 videris,

184 2137 244 2211 Qui
259 2136 397 2196 Gabbam
411 2135 526 2196 salibus
541 2137 602 2195 tuis
617 2142 651 2195 et
664 2137 764 2214 ipsum

182 2220 295 2281 Posses
310 2221 436 2280 vincere
452 2219 591 2279 Tettium
606 2218 773 2281 caballum.

180 2303 249 2365 Non
268 2305 438 2384 cuicunque
453 2303 557 2365 datum
571 2311 620 2364 est
633 2305 750 2365 habere
763 2322 884 2362 nasum:

179 2388 274 2448 Ludit
288 2391 341 2467 qni
355 2388 468 2450 stolida
482 2391 686 2469 procacitate,

138 2471 246 2534 acuon
263 2479 312 2531 eat
326 2472 450 2531 'l'ettIus
464 2471 537 2548 ille,
560 2472 615 2530 sed
631 2469 775 2532 caballus.

574 2619 665 2678 XLII.

181 2731 329 2808 ConiugIs
345 2727 482 2790 audisset
495 2729 592 2789 fatum
607 2749 674 2789 cum
689 2731 800 2790 Porcia
812 2730 900 2789 Bruti

220 2815 263 2874 ut
278 2815 434 2874 subtracta
449 2815 508 2874 sibi
524 2820 692 2893 quaereret
709 2833 792 2873 arma
806 2812 911 2890 dolor,

179 2897 345 2977 „Nondum
359 2897 468 2959 scitis“
482 2899 524 2957 ait
538 2903 692 2976 „mortem
706 2915 768 2956 non
782 2915 874 2979 posse
889 2896 1019 2976 negarit

222 2981 439 3060 credideram,
459 2983 531 3042 fatis
546 2983 605 3041 boc
620 2981 762 3041 docuisse
776 2981 928 3061 patrem.“

159 3067 266 3127 cuim
281 3072 315 3126 et
329 3065 475 3125 ardentes
489 3063 578 3125 avido
593 3065 673 3126 bibit
688 3083 742 3125 ore
757 3061 894 3125 favillas:

221 3151 233 3209 I
247 3169 328 3210 nunc
344 3155 377 3209 et
391 3150 525 3227 ferrum,
547 3150 638 3209 turba
655 3146 802 3226 molesta,
822 3165 908 3227 nega.

566 3283 669 3343 XLIII.

178 3392 230 3451 Bis
244 3394 303 3452 tibi
316 3394 430 3454 triceni
444 3394 573 3473 fuimus,
595 3395 757 3474 Mundus,
778 3395 878 3455 vocati

220 3477 262 3532 nt
274 3478 408 3556 posiium
424 3487 473 3537 est
486 3480 574 3538 nobis
589 3475 635 3537 nil
649 3479 726 3538 here
740 3486 868 3559 praeter
882 3497 1005 3559 aprum,
