2426 3900
326 292 668 369 nrrcmmnnron
682 309 756 370 cns.
771 309 807 370 11.

172 461 288 521 Hamus
304 459 383 518 etin
397 458 525 520 mullum
539 460 673 520 mittitur
689 468 781 538 atque
796 457 912 539 lupum.

107 545 275 610 scaecuus
289 549 453 602 saccentur
468 561 607 623 quaeque
623 561 719 602 annus
736 544 818 603 corIt
832 542 950 625 Opimi,

174 625 354 688 Condantur
368 645 462 705 parco
478 627 564 686 lusca
578 625 712 687 Falerna
726 628 815 687 vitro.

132 712 248 772 Omnes
264 706 443 788 Tongilium
457 709 569 769 medici
584 711 705 770 iussere
718 709 832 770 lavari:
931 715 934 722 '

175 794 202 852 0
218 789 323 871 stulti,
345 792 466 853 febrem
483 792 611 853 creditis
626 792 718 853 esse?
748 793 826 854 Gula
841 801 898 855 est

529 926 605 986 XLI.

131 1036 235 1116 „Ridc
251 1039 278 1098 si
294 1038 391 1116 sapis,
414 1058 432 1097 o
449 1038 569 1118 puella,
591 1037 683 1098 ride“

131 1120 298 1200 Pelignus,
320 1127 413 1199 puto,
436 1121 554 1182 dixerat
568 1128 678 1202 poeta,

133 1204 197 1264 Sed
212 1223 274 1264 non
290 1202 410 1264 dixerat
425 1206 565 1265 omnibus
579 1203 702 1285 puellis.

132 1289 251 1350 Verum
265 1292 300 1346 ut
315 1284 430 1349 dixerit
446 1289 585 1360 omnibus
600 1284 733 1368 puellis,

109 1372 204 1435 5Non
218 1369 382 1430 dixit'tibi:
405 1378 439 1431 tu
453 1369 558 1450 puella
572 1391 634 1431 non
648 1389 699 1448 es,
814 1431 817 1445 λ

132 1456 175 1514 Et
188 1462 253 1514 tres
268 1461 340 1514 sunt
354 1456 428 1533 tibi,
449 1455 632 1532 Maximina,
654 1455 780 1530 dentes,

69 1545 76 1560 ·
133 1536 198 1597 Sed
211 1536 304 1618 plane
319 1539 464 1616 piceique
481 1539 657 1617 buxeique„
695 1559 698 1566 ·

133 1623 237 1698 Quare
253 1623 279 1680 si
293 1621 420 1701 speculo
436 1622 572 1700 mihique
587 1620 707 1697 credis,

131 1706 236 1765 Debes
250 1723 314 1763 non
329 1702 420 1765 aliter
435 1704 547 1764 timere
562 1705 674 1780 risum,

89 1801 125 1852 10
133 1790 230 1865 Quam
245 1794 370 1848 ventum
385 1788 516 1868 Spanius
532 1804 714 1866 manumque
729 1785 871 1865 Priscus,

133 1873 231 1948 Quam
245 1877 362 1931 cretata
377 1873 466 1932 timet
479 1868 609 1932 Fabulla
624 1871 774 1948 nimbum,

133 1955 299 2015 Cerussata
306 1956 403 2015 ‘tImet
417 1952 541 2014 Sabella
556 1953 661 2015 solem.

132 2037 246 2100 Vultus
261 2037 355 2098 indue
370 2046 404 2097 tu
418 2038 513 2116 magis
529 2057 671 2115 severos,
686 2049 688 2053 ·

135 2123 232 2195 Quam
249 2123 380 2181 coniunx
395 2122 511 2181 Priami
526 2139 683 2200 nurusque
699 2121 805 2182 maior.

90 2216 124 2267 15
133 2205 249 2264 Mimos
264 2203 391 2265 ridiculi
405 2203 600 2264 Philistionis

132 2289 176 2347 lot
191 2288 328 2347 convivia
342 2289 493 2366 nequiora
507 2289 570 2346 vito

132 2372 175 2430 Et
190 2369 341 2450 quidquid
354 2370 459 2451 lepida
473 2370 662 2451 procacitate

134 2454 232 2514 Laxat
245 2456 410 2534 perspicuo
425 2452 541 2514 labella
555 2454 630 2513 risu.

130 2536 184 2596 'I'e
200 2544 334 2597 maestae
349 2537 441 2599 decet
456 2535 594 2597 assidere
609 2535 700 2594 matri

88 2620 305 2698 noLugentive
320 2623 419 2681 vir'um
432 2623 553 2701 piumve
569 2620 716 2694 fratrem,

135 2703 179 2764 Et
193 2707 312 2764 tantum
326 2706 452 2783 tragicis
467 2711 576 2765 vacare
590 2702 699 2764 Musis.

133 2788 178 2846 At
191 2793 226 2846 tu
240 2787 387 2848 iudicium
402 2795 508 2848 secuta
523 2793 662 2848 nostrum

134 2868 245 2950 Plora,
269 2871 296 2930 si
311 2873 408 2951 sapis,
431 2870 581 2952 opuella,
603 2867 701 2950 plora.

529 3001 620 3064 XLII.

133 3111 242 3191 Zoile,
257 3113 337 3193 ,quid
351 3113 463 3174 solium
478 3113 601 3174 subluto
617 3114 728 3194 podice
743 3112 873 3194 perdis?

177 3197 325 3277 Spurcius
342 3203 376 3257 ut
390 3199 460 3276 fiat,
482 3197 588 3276 Zoilo,
611 3216 717 3277 merge
733 3205 831 3278 caput.

527 3331 630 3392 XLIII.

929 310 1097 392 ιιι

133 3433 243 3502 Κοινὰ
254 3443 363 3518 φίλων
374 3444 451 3502 baec
462 3449 543 3522 sunt,
563 3445 640 3504 hoec
652 3449 724 3503 sunt
739 3451 801 3519 tua,
816 3440 969 3515 Candide,
984 3429 1099 3515 κοινᾶ,

177 3524 262 3600 Quae
277 3541 309 3586 tu
326 3525 515 3607 magnilocus
531 3538 622 3587 nocte
639 3526 752 3604 dieque
768 3544 873 3584 sonas:

86 3607 199 3669 Mser.
866 3601 887 3660 4
