2392 3888
279 215 619 291 smenonnauon
632 216 707 277 nin.
721 211 800 279 vum.
878 203 922 294 ,'
973 215 1061 298 ,loa

78 355 221 442 ocurre,
242 383 314 443 age,
337 370 370 424 et
381 362 492 424 illotos
509 384 636 442 revoca,
659 364 808 444 Calliste,
828 368 1003 443 ministros3

143 450 330 509 Sternantur
344 446 436 507 lecti:
460 447 655 525 caeciliane,
678 448 762 508 aede.

102 532 229 593 Caldam
244 533 347 612 poscis
362 551 485 608 aquam3
506 531 641 590 nondum
654 533 730 591 mihi
743 532 858 612 frlgida
872 535 973 609 venit;

144 614 237 693 Alget
251 613 350 674 adhuc
364 612 446 673 nudo
462 612 547 674 clusa
563 613 663 676 culina
677 616 757 676 loco.

102 700 197 760 Mane
212 698 282 758 ueni
297 699 415 778 potius3
436 718 505 758 nam
521 719 575 758 cur
591 705 622 757 te
638 701 744 776 quinta
758 701 919 759 moretur?
940 735 946 740 -

57 794 92 846 10
142 783 185 844 Ut
197 784 314 859 iantes,
336 800 425 859 sero,
447 781 638 858 caeciliane,
658 783 754 842 venis.

438 985 441 992 Δ
472 914 596 980 vain·

103 1027 162 1104 Qui
178 1027 345 1105 Corcyraei
359 1024 437 1086 vidit
452 1029 588 1106 pomaria
602 1029 703 1105 regis,

144 1111 224 1188 ltus,
245 1108 390 1186 Entelle,
413 1114 485 1169 tuae
501 1111 661 1188 praeferet
675 1108 730 1169 ille
748 1109 864 1171 domus.

99 1192 205 1253 lnvida
221 1212 394 1272 purpureos
407 1201 477 1253 urat
492 1213 530 1251 ne
545 1195 652 1252 bruma
667 1213 805 1254 racemos

141 1278 183 1336 Et
196 1276 333 1354 gelidum
349 1276 462 1335 Bacchi
478 1295 603 1336 munera
617 1279 714 1355 frigus
728 1276 816 1355 edat,

78 1360 236 1423 tcondita
250 1361 414 1439 perspicua
428 1361 502 1420 vivit
518 1359 670 1420 vindemia
684 1380 802 1440 gemma

143 1446 184 1503 Et
198 1445 315 1522 tegitur
332 1441 425 1519 felix,
448 1462 506 1503 neo
523 1451 626 1504 tamen
639 1464 696 1503 uva
710 1443 798 1505 latet.

98 1528 281 1588 Femineum
293 1527 379 1587 lueet
392 1527 436 1586 sio
451 1546 508 1606 per
521 1529 704 1606 bombycina
718 1549 845 1607 eorpus,

145 1610 289 1671 Calculus
304 1612 335 1668 in
351 1609 449 1684 nitida
464 1613 508 1670 sic
527 1618 706 1670 numeratur
722 1632 806 1690 aqua.

100 1695 181 1770 Quid
197 1713 258 1753 non
272 1695 395 1774 iugenio
411 1692 507 1753 voluit
521 1701 630 1753 natura
643 1695 765 1754 licere?

58 1788 93 1840 10
143 1779 346 1837 ductumuum
362 1775 479 1837 sterilis
494 1779 580 1836 ferre
595 1779 721 1839 iubetur
735 1780 844 1840 hiems.

484 1911 591 1971 LXIX.

99 2023 227 2083 Miraris
243 2029 385 2096 veteres,
404 2016 557 2098 Vacerra,
580 2021 680 2101 solos,

98 2105 165 2166 Nee
178 2105 284 2165 laudas
298 2105 358 2163 nisi
373 2111 510 2164 mortuos
524 2115 641 2184 poetas.

97 2190 241 2268 ignoscas
253 2190 401 2269 petimus,
422 2189 573 2250 Vacerra:
596 2191 672 2247 tanti

98 2273 168 2334 Non
184 2280 250 2350 est,
269 2280 304 2331 ut
316 2269 454 2350 placeam
469 2271 543 2347 tibi,
564 2273 678 2350 perire.

492 2417 584 2478 LXX.

101 2530 222 2607 Quanta
237 2533 324 2608 quies
338 2529 469 2610 placidi,
491 2537 576 2591 tauta
591 2537 640 2590 est
652 2528 794 2591 facundia
808 2529 944 2612 Nervae,

144 2612 207 2672 Sed
222 2615 348 2674 cohibet
363 2617 444 2674 vires
458 2617 675 2694 ingeniumque
690 2613 797 2694 pudor.

100 2697 177 2757 Cum
193 2698 310 2757 siccare
325 2718 441 2757 sacram
455 2697 539 2776 largo
555 2697 751 2758 Permessida
766 2705 873 2777 posset

144 2781 222 2857 Ore,
244 2781 448 2840 verecundam
465 2781 571 2841 maluit
585 2799 655 2841 esse
671 2783 771 2858 sitim,

77 2864 235 2928 5Pieriam
251 2866 337 2924 tenui
350 2865 488 2924 frontem
503 2864 651 2924 redimire
666 2883 780 2924 corona

143 2947 331 3023 Contentus,
354 2949 452 3020 famae
469 2967 527 3007 neo
542 2949 616 3007 dare
631 2946 700 3008 vela
715 2967 796 3011 suae.

99 3030 164 3092 Sed
179 3038 281 3090 tamen
296 3033 378 3091 huno
392 3033 491 3091 nostri
506 3033 566 3091 soit
579 3033 729 3112 temporis
745 3050 814 3092 esre
830 3029 1009 3110 Tibullum,

144 3115 285 3174 Carmina
300 3115 353 3194 qui
368 3115 452 3174 docti
467 3123 539 3175 nota
553 3115 685 3176 Neronis
699 3116 801 3177 habet.

486 3249 591 3310 LXXl.

99 3362 253 3439 Quattuor
269 3362 391 3440 argenti
404 3360 502 3421 libras
517 3363 591 3420 mihi
606 3361 747 3440 tempore
765 3362 890 3420 brumae

98 3445 260 3588 Mffiiaisti
274 3454 346 3505 ante
363 3464 473 3560 annos,
496 3446 708 3522 Postumiana,
731 3443 854 3584 decem3
