2392 3888
293 161 631 222 EPIGRAMMATON
644 161 718 223 LlB.
735 161 785 223 lx.
1001 159 1062 224 197

104 313 216 376 Nullus
232 312 365 390 denique
381 331 439 391 per
456 311 531 372 deos
545 311 680 390 deasque

104 399 188 459 Iurat
204 395 324 471 Gellia,
346 396 403 455 aed
417 414 475 475 pcr
489 397 628 458 unionea.

78 484 174 547 5Hoa
189 479 404 560 amplectitur,
423 481 480 539 hoa
494 478 726 560 perocculatur,

103 568 171 626 Hos
185 566 302 625 fratrea
316 571 405 623 vocat
420 571 453 622 et
467 570 556 622 vocat
569 583 693 624 autores
701 607 710 641 ,
774 589 778 596 ·

102 651 170 711 llos
185 650 266 708 natia
285 654 365 707 amat
380 649 480 707 acrius
496 646 620 713 duabus.

101 735 162 795 llis
178 734 204 792 ai
220 752 280 811 quo
296 737 400 790 carcat
413 729 531 790 misella
547 750 633 808 casu,

101 819 262 880 Victuram
276 822 371 893 neget
384 832 453 874 ease
468 832 502 874 ae
517 816 703 875 nechoram.

55 903 205 977 lollhcu,
228 919 316 979 quam
331 901 412 958 beue
426 918 523 974 nuuc,
544 898 725 978 Papiriane,

102 985 223 1045 Annaei
238 984 359 1043 faceret
373 1000 479 1043 manua
494 983 621 1042 Sereni!

466 1113 614 1177 LXXXII.

101 1230 203 1289 Dante
218 1229 276 1288 tibi
291 1229 381 1287 turba
396 1227 560 1306 querulos,
582 1230 737 1306 Auguste,
758 1226 901 1306 libellos,

144 1312 208 1374 Noa
222 1330 345 1390 quoque
354 1310 444 1391 ,quod
458 1311 581 1372 domiuo
596 1314 731 1372 carmina
743 1332 835 1393 parva
850 1312 971 1393 alamus,

98 1397 199 1456 Posse
217 1395 307 1454 deum
323 1397 415 1456 rebar
430 1397 547 1475 pariter
562 1397 723 1474 Musisque
738 1416 846 1456 vacare

146 1479 282 1556 Scimus,
303 1480 426 1538 ethaeo
441 1481 533 1539 ctiam
550 1489 634 1539 serta
649 1478 776 1559 placere
789 1482 857 1544 tibi.

75 1563 170 1626 5Fer
182 1569 282 1638 vates,
302 1563 456 1642 Auguste,
478 1571 563 1623 tuos:
585 1583 641 1623 uos
657 1562 756 1641 gloria
774 1562 889 1642 dulcia,

143 1646 208 1707 Noa
222 1651 275 1706 tua
290 1666 363 1707 cura
376 1648 464 1728 prior
481 1645 672 1726 deliciaeque
688 1667 799 1709 sumus.

98 1730 173 1791 Non
190 1749 323 1809 quercu·
338 1738 371 1790 te
386 1729 452 1789 sola
467 1729 574 1810 decet,
595 1750 653 1791 nec
669 1731 776 1792 laurea
794 1732 929 1792 Phoebi:

142 1813 216 1875 Fiat
228 1822 261 1873 et
275 1832 313 1874 ex
326 1813 444 1886 hedera
460 1815 555 1875 civica
569 1823 675 1875 nostra
689 1817 755 1877 tibi.

444 2073 631 2083 mmm—...a-

311 2276 357 2349 ιι.
386 2276 489 2354 ιιι.
518 2276 773 2348 ιιιιιιιιιιε

224 2443 857 2541 illuuluullui

311 2724 314 2730 Ι
425 2630 589 2691 Llauu
610 2630 660 2692 lx.
772 2647 776 2654 ·

93 2821 128 2883 N
130 2825 200 2898 ote,
219 2817 299 2879 licet
312 2816 410 2896 ualia,
429 2816 552 2878 sublimi
566 2824 696 2898 pectore
710 2823 811 2889 vates,

143 2904 202 2964 cul
218 2904 338 2984 referet
353 2920 441 2963 uerus
454 2904 591 2981 praemia
606 2899 697 2978 (ligna
711 2902 805 2977 cinis,

94 2989 172 3050 Huc
186 2988 244 3047 tibi
258 2989 313 3046 sub
328 2992 436 3066 naatra
450 2986 545 3046 breve
559 3003 683 3046 carmen
699 2986 832 3062 imagine
845 2985 945 3062 vivat,

143 3072 240 3147 Quam
253 3089 315 3130 non
332 3071 471 3130 cbacuria
485 3071 602 3147 iungia,
625 3069 733 3145 Avite,
750 3070 845 3134 viria:

48 3157 147 3221 alite
162 3175 222 3237 ego
236 3175 305 3216 aum
322 3154 407 3215 nulli
418 3174 576 3235 nugarum
592 3153 688 3213 laude
701 3153 874 3230 aecundua,

146 3237 245 3312 Quem
259 3259 323 3299 non
338 3239 478 3315 miraris,
500 3237 557 3296 aed
565 3245 662 3317 puto,
685 3237 801 3313 lecton,
822 3253 920 3294 amaa.

94 3323 239 3386 Maiores
252 3325 373 3383 tuciora
385 3330 516 3382 tonent:
536 3320 720 3400 milipurvu
735 3319 839 3379 locutu

141 3404 272 3484 Sufficit
287 3407 319 3466 in
334 3415 457 3465 vertras
473 3423 567 3485 saepe
580 3404 684 3463 redire
699 3421 819 3461 manua.
