2392 3888
315 165 655 226 EPIGRAMMATON
668 166 742 229 LIB.
758 167 822 229 VII.
941 231 945 244 .,
1029 171 1088 234 155

132 317 235 396 Seque
250 319 396 378 obserate
410 316 504 379 elusit
519 319 624 378 auxius
638 315 717 378 cella

130 400 264 463 Gulosus
279 398 352 478 ille,
374 408 502 480 postero
518 401 569 462 die
586 400 702 462 rendit.

526 534 605 595 XXI.

130 647 216 707 Haeo
231 655 280 708 est
294 647 349 708 ina
364 648 447 724 dies,
470 667 547 726 quoe
563 649 665 726 magni
681 648 803 708 conscio
816 656 923 728 portus

173 731 328 792 Lucanum
345 730 468 812 populis
484 739 516 792 et
530 733 605 810 tibi,
627 728 734 807 Pollu,
758 730 854 793 dedit.

129 815 217 874 Heu!
245 815 329 875 Nero
346 812 482 876 erudelis
496 813 642 893 nulloque
657 815 786 875 invisior
800 818 923 894 umbro,

172 899 285 959 Debuit
298 900 358 959 hoo
373 897 475 959 saltim
492 919 554 959 nou
569 897 696 958 licuisse
711 899 778 960 tibi.

524 1031 617 1092 XXII.

130 1145 217 1206 Vatis
232 1142 392 1224 Apollinei
406 1163 515 1222 magno
531 1143 739 1204 memorobIIis
756 1151 827 1204 ortu

171 1229 237 1288 Lux
251 1228 350 1288 redit:
373 1227 528 1288 Aonidum
541 1229 649 1308 turbo,
669 1226 771 1287 favete
786 1228 892 1289 sacris.

129 1312 216 1372 Haec
229 1313 359 1389 meruit,
384 1331 451 1372 oum
466 1317 499 1371 te
516 1313 629 1388 terris,
649 1312 790 1388 Lucane,
813 1310 969 1392 dedisset,

171 1396 288 1456 Mixtus
304 1392 457 1456 Gaetuliae
473 1395 578 1454 Baetis
592 1401 628 1455 ut
642 1401 727 1456 esset
743 1414 849 1474 uqooe.

514 1527 621 1588 XXIII.

128 1639 274 1718 Phoebe,
295 1640 384 1715 veui,
407 1638 464 1699 sed
479 1645 609 1718 quantus
625 1657 713 1716 eros,
736 1658 804 1698 cum
819 1636 903 1698 bella
920 1641 1041 1701 tonanti

172 1723 242 1803 lpse
258 1723 349 1784 dureo
364 1723 472 1782 Lotioe
490 1722 614 1804 plectro
629 1721 764 1783 secundo
777 1722 873 1802 lyrae.

130 1806 212 1884 Quid
225 1812 311 1868 touta
323 1825 382 1886 pro
397 1806 467 1868 luce
481 1807 619 1887 precer?
648 1806 713 1884 Tu,
735 1805 840 1885 Pollu,
862 1808 1004 1867 maritum

111 1941 119 1952 .
172 1891 272 1971 Saepe
288 1889 371 1951 colos
387 1897 419 1949 et
434 1909 467 1950 se
479 1892 594 1951 sentiet
607 1889 661 1951 iIle
677 1889 748 1951 coli.

512 2012 621 2101 xxiv.

130 2149 207 2212 Cum
219 2111 361 2211 Iuvedmle
376 2170 444 2212 meo
461 2170 538 2229 quae
555 2169 604 2212 me
620 2150 814 2211 committere
829 2157 977 2231 temptes,

174 2234 256 2309 Quid
269 2255 333 2295 non
347 2234 491 2313 audebis,
512 2233 633 2315 perfida
645 2233 766 2312 lingue,
787 2233 897 2313 loqui?

131 2316 179 2376 'I'e
192 2317 331 2398 tingente
345 2319 434 2379 nefas
453 2316 593 2396 Pyladen
608 2316 726 2377 odisset
740 2317 887 2396 Orestes,

174 2400 299 2462 Theseo
317 2402 452 2463 Pirithoi
467 2402 662 2462 destituisset
677 2419 779 2475 amor3

106 2483 183 2546 §Tu
198 2485 320 2546 Siculos
334 2487 449 2546 fratres
465 2492 498 2546 et
511 2487 606 2544 muius
620 2503 733 2544 nomeu
746 2484 872 2545 Atrides

172 2569 214 2629 Et
229 2569 332 2630 Ledae
347 2577 472 2650 poteras
488 2569 656 2631 dIssociore
671 2587 776 2648 genus.

129 2652 199 2711 Hoc
212 2653 271 2714 tibi
283 2673 341 2733 pro
356 2654 476 2714 meritis
490 2659 523 2715 et
535 2651 650 2714 talibus
663 2655 818 2733 imprecor
834 2654 931 2731 ausis,

173 2736 217 2796 Ut
231 2737 327 2796 focius
342 2735 440 2815 illud,
463 2737 562 2816 quod,
584 2744 676 2816 puto,
696 2735 921 2816 lingue„fuois.

519 2869 615 2931 XXV.

129 2981 240 3043 Dulcia
256 3002 324 3042 oum
338 2989 458 3044 tentum
473 2985 590 3044 scribas
606 2981 824 3062 epIgrummeta
838 3000 961 3062 semper

173 3067 215 3126 ut
229 3073 386 3127 cerussata
400 3066 579 3128 candidiora
593 3073 680 3143 cute,

128 3148 284 3230 Nullaque
297 3153 376 3211 mico
390 3151 462 3211 uelis
475 3170 534 3211 neo
548 3150 641 3210 amari
655 3148 741 3210 fellis
755 3151 788 3209 iu
801 3147 867 3210 Illis
975 3217 977 3220 ,

174 3234 270 3296 Gutta
284 3237 342 3314 sit,
363 3254 380 3294 o
400 3234 545 3314 demens,
565 3236 610 3296 vir
625 3240 728 3295 tomeu
742 3232 797 3294 illo
811 3231 891 3312 IegII

102 3317 198 3378 5Neo
213 3320 299 3379 cibus
314 3320 382 3399 ipse
394 3319 478 3378 iuvet
486 3337 594 3380 morsu
608 3317 767 3379 fraudatus
782 3318 878 3393 aceti,

173 3399 240 3460 Nec
255 3408 342 3480 gruta
357 3408 406 3462 est
420 3401 532 3481 iacies,
555 3403 604 3461 cui
618 3400 772 3479 gelasinus
791 3402 887 3460 obest.
