2392 3888
140 135 201 198 154
459 133 505 195 ll.
523 132 615 194 VAL.
632 132 856 192 nunninus

220 287 260 348 ni
274 287 432 362 lucerent,
453 289 489 342 ut
504 291 540 342 tu
552 282 731 361 loquereris
746 291 781 345 et
795 283 853 344 ille
867 293 1005 346 taceret:

264 367 417 428 Offendor
431 369 522 426 cunni
537 367 718 446 garrulitate
733 371 789 431 tui.

220 452 344 515 Pedere
359 459 392 512 te
406 449 535 511 vellem:
556 471 689 530 numque
701 452 762 512 hoc
775 471 835 512 nee
847 452 959 512 inutile
974 453 1053 515 dicit

182 550 216 601 ιο
265 537 464 616 Symmachus
477 542 511 595 et
525 537 621 594 riuum
635 555 687 595 rer
705 544 810 596 movet
822 539 883 595 istu
896 537 1004 598 semel

222 622 298 698 Quin
312 619 419 680 ridere
432 625 537 699 potest
550 621 627 678 futui
640 627 843 700 poppysmata
856 622 970 680 cunni?

264 705 342 764 (lum
355 710 445 763 uonut
459 703 526 779 hic,
546 705 595 761 cui
613 722 674 762 non
689 703 824 764 mentula
838 723 986 787 mensque
1004 703 1101 764 moliti

221 789 279 849 Dic
294 786 413 866 uliquid
425 783 535 845 ooltem
548 785 745 865 clamosoque
758 789 906 867 obstrepe
920 807 1037 864 omno,

264 873 307 931 Et
319 873 346 932 ei
360 868 438 931 udeo
453 877 537 929 mutu
549 888 600 947 eo,
623 869 708 930 dioce
723 870 773 930 vel
786 870 860 930 inde
873 870 970 951 loqui.

619 1004 701 1064 XIX.

221 1120 440 1196 Fragmentum
454 1114 538 1195 qnod
551 1114 614 1176 vile
628 1123 718 1195 putus
732 1123 767 1175 et
778 1113 891 1175 inutile
904 1114 1038 1194 lignum,

263 1200 350 1261 Huee
364 1201 424 1259 tuit
437 1201 535 1278 ignoti
549 1202 649 1279 primu
663 1201 766 1259 corint
778 1201 890 1277 muris,

225 1286 322 1362 Quum
335 1302 395 1342 nec
408 1284 550 1362 Cyuneue
566 1282 718 1362 quondum
733 1290 866 1363 potuere
880 1285 988 1344 ruinue

262 1366 422 1446 Frangere
436 1386 495 1426 nec
510 1367 649 1446 Scythici
665 1368 788 1426 tristior
800 1369 848 1427 iro
861 1368 948 1427 freti.

201 1447 355 1514 toSueenlu
368 1453 527 1512 vicerunt:
549 1450 607 1510 red
620 1453 755 1529 quemuis
770 1453 903 1511 cesserit
916 1451 1021 1531 annis,

269 1536 415 1595 Sunotior
430 1544 481 1594 eet
494 1533 577 1595 eolre
590 1555 684 1615 porro
698 1533 812 1595 tubelle
827 1542 912 1595 rute:

623 1669 681 1730 XX

222 1778 309 1841 Nihil
323 1787 373 1840 ert
387 1781 529 1840 miserius
545 1799 647 1859 neque
662 1780 797 1859 guloriuo
813 1780 939 1842 Suntro..

222 1865 350 1924 Rectum
363 1868 488 1923 vocotus
504 1883 572 1924 eum
588 1866 725 1924 cucurrit
739 1863 779 1923 od
793 1883 915 1940 cenum,

223 1949 320 2025 Quum
332 1953 381 2007 tot
395 1946 504 2008 diebus
518 1949 722 2027 noctibusque
736 1949 884 2028 euptuvit,

226 2032 291 2091 Ter
304 2032 485 2111 poscitupri
501 2029 678 2110 glandulas,
702 2039 812 2111 quater
824 2031 978 2109 lumbum,

202 2115 267 2176 tEt
279 2120 441 2193 utromque
455 2134 560 2175 coxam
573 2115 691 2196 leporio
706 2123 739 2175 et
754 2114 830 2176 dnos
847 2133 962 2192 armos,

224 2199 289 2259 Neo
303 2200 461 2259 erubescit
473 2201 618 2279 peierare
635 2199 674 2258 de
690 2198 783 2260 turdo

223 2283 266 2344 nt
280 2290 453 2342 ostreorum
467 2302 579 2364 repere
592 2282 705 2344 lividos
721 2285 828 2343 cirron.
941 2283 947 2292 '

224 2364 329 2426 Dnlcio
342 2365 484 2447 placente
501 2367 658 2427 sordidum
672 2367 744 2428 linit
758 2384 905 2447 mappam.

221 2450 290 2510 lilio
304 2456 337 2509 et
350 2469 426 2510 uvae
442 2449 631 2512 collocuntur
646 2450 776 2529 ollares,
845 2481 852 2492 ·

181 2534 262 2596 lollt
275 2534 459 2594 Punicorum
474 2554 570 2615 panon
583 2554 677 2614 grano
692 2535 855 2613 mulorum,

222 2619 265 2676 Et
278 2623 440 2677 enervatae
454 2618 546 2698 pellis
561 2619 710 2680 indecens
724 2618 863 2696 volvoe‚,

225 2701 268 2762 nt
280 2700 366 2780 lippo
378 2701 454 2762 fieus
471 2701 645 2782 debilisque
659 2702 792 2764 boletus.

224 2783 287 2844 Sed
302 2804 410 2864 muppe
425 2806 493 2846 cnm
507 2787 568 2847 ium
582 2786 668 2847 mille
682 2789 835 2867 rumpitur
847 2785 959 2861 furtis„

222 2868 321 2928 Roooo
334 2872 456 2947 tepenti
471 2869 639 2950 spondylos
655 2873 724 2931 sinn
740 2869 846 2931 condit

181 2951 262 3012 nont
278 2950 424 3013 devorato
437 2955 538 3034 cupite
553 2961 706 3016 turturem
721 2962 871 3014 truncum.
901 2971 913 2990 ·

223 3033 382 3114 Colligere
396 3034 596 3118 longutnrpe
610 3057 669 3098 nee
683 3044 772 3119 putat
787 3038 894 3097 dextro

221 3117 370 3180 Analecta
385 3119 536 3198 quidquid
550 3129 582 3182 et
597 3141 687 3182 coneo
702 3121 905 3203 reliquerunt.

222 3202 287 3262 Nec
303 3201 462 3264 esculento
481 3205 597 3266 suffieit
612 3204 703 3286 gulae
717 3204 851 3286 proedo,

143 3325 147 3334 -
220 3285 319 3345 Mixto
334 3286 473 3363 lagonam
488 3287 592 3367 replet
607 3290 646 3350 ed
658 3289 756 3369 peden
773 3291 853 3352 vino.

178 3367 305 3428 tOHuec
319 3385 377 3446 per
392 3366 539 3429 ducentes
553 3391 621 3432 cnm
636 3373 758 3433 domum
771 3371 846 3434 tulit
860 3367 955 3432 rooles
