2460 3878
151 185 213 253 236
473 187 518 249 dd
534 189 869 254 veneramus

234 350 349 410 Omnes
366 338 531 422 Sulpiciam
545 339 654 419 legant
667 342 786 420 mariti,

232 433 294 493 Uni
308 430 361 510 qni
377 425 505 505 cupiunt
518 423 644 503 placere
656 432 781 505 nuptae.

211 516 302 578 olion
320 514 398 572 haee
415 507 584 569 Colchidos
597 510 711 568 asserit
721 509 876 590 furorem,

229 599 299 658 Diri
315 591 519 674 prendianec
532 592 636 652 refert
649 593 825 672 'l'iuyestue;

235 675 383 758 Scyllam,
401 675 534 754 Byblida
545 693 604 736 uec
616 677 715 736 fuisse
729 675 847 756 credit,

233 760 298 822 Sed
310 768 412 821 castos
427 759 521 820 docet
533 767 567 820 et
581 762 650 840 pios
664 779 800 840 amores,

231 843 347 923 Lusus,
368 842 497 904 delicias
510 845 710 923 facetiaeque.

193 929 327 993 locatus
342 929 478 988 carmine
495 929 548 1007 qni
561 929 642 987 bene
656 929 844 1007 aestimarit,

231 1011 352 1072 Nullam
367 1011 482 1072 dixerit
496 1029 566 1072 esse
580 1016 783 1092 sanctiorem,

232 1093 355 1155 Nullam
369 1094 483 1156 dixerit
498 1113 569 1155 esse
582 1097 774 1174 nequiorem.

233 1179 328 1240 Tales
342 1179 475 1257 Egeriae
489 1180 575 1238 iocos
590 1180 687 1239 inisse

232 1262 303 1322 Udo
320 1262 508 1323 crediderim
523 1264 639 1323 Numae
655 1267 711 1323 snb
726 1272 824 1329 antro.

191 1347 298 1408 15an
313 1345 523 1427 condiscipula
537 1347 588 1408 vel
601 1348 659 1407 hee
673 1350 818 1427 magistra

232 1431 326 1490 Esses
340 1429 462 1491 doctior
477 1438 510 1490 et
523 1431 650 1511 pudica,
673 1433 812 1513 Sappho:

233 1512 298 1574 Sed
311 1521 414 1574 tecum
427 1515 549 1595 pariter
564 1515 717 1595 simulque
730 1518 824 1576 visain

232 1598 334 1659 Durus
350 1599 517 1679 Sulpicium
530 1598 639 1659 Phaon
653 1610 775 1661 amarat.

231 1681 377 1743 Frustra:
399 1677 531 1762 nemone
548 1702 585 1742 ea
599 1701 658 1744 nec
673 1683 824 1745 Tonantis
839 1705 933 1763 uxor,

187 1766 296 1828 20Nec
310 1767 439 1845 Bacchi,
460 1786 518 1826 nec
532 1765 689 1847 Apollinis
705 1767 809 1850 puella

233 1851 352 1931 Erepto
367 1852 426 1910 sibi
441 1851 561 1911 viveret
574 1851 700 1914 Caleno.

600 1945 738 2048 xxiva

232 2095 375 2176 Improba
389 2097 547 2166 Massiliae
564 2098 715 2178 quidquid
731 2097 862 2160 fumaria
875 2107 1005 2180 cogunt,

275 2181 397 2261 Accipit
409 2189 543 2242 aetatem
558 2184 697 2262 quicuqui
711 2185 748 2242 ab
763 2184 835 2262 igne
851 2183 961 2262 cadus,

230 2264 258 2324 A
273 2271 321 2342 te,
343 2265 476 2344 Munna,
497 2269 598 2327 venit:
620 2267 743 2327 misceri
760 2273 795 2326 tn
808 2269 905 2328 mittis
922 2269 1028 2328 amieis

272 2349 335 2409 Per
349 2349 447 2429 freta,
468 2348 648 2431 perlongus
662 2353 763 2410 toxico
778 2370 867 2412 saeva
880 2353 963 2426 vias3

209 2431 297 2492 5Neo
309 2433 394 2494 facili
409 2437 529 2515 pretio,
551 2433 607 2494 sed
623 2455 682 2514 quo
699 2441 844 2496 contenta
857 2434 984 2498 Falerni

272 2515 369 2576 Testa
383 2520 424 2577 sit
439 2526 491 2579 ont
505 2517 594 2578 cellis
610 2519 696 2579 Setia
710 2539 780 2579 carn
795 2521 865 2581 suis.

230 2599 299 2658 Non
313 2601 417 2660 venias
434 2621 529 2680 quere
544 2609 606 2663 tam
620 2601 712 2682 longo
727 2609 869 2683 tempore
883 2604 1029 2683 Romam,

271 2682 358 2743 Haeo
374 2692 450 2765 puto
465 2706 555 2748 causa
569 2686 628 2747 tibi
643 2695 691 2748 est
699 2731 707 2766 ,
729 2705 769 2746 ne
781 2695 835 2748 tua
849 2689 918 2748 vina
931 2689 1031 2748 bibas.

591 2819 742 2883 XXXVII.

229 2928 308 2989 iuris
323 2937 356 2990 et
372 2949 536 3008 aequorum
550 2931 858 2993 cultorsanotissime
872 2931 991 3012 legum,

271 3012 419 3073 Veridico
434 3015 556 3078 Latium
571 3018 623 3095 qni
637 3017 721 3094 regis
737 3016 925 3092 orciolum,

229 3096 398 3177 Municipi‚
419 3098 580 3178 Materde,
599 3107 653 3160 tuo
667 3101 829 3179 veterique
844 3099 941 3160 sodali

272 3178 440 3241 Callaicum
455 3183 580 3244 mandas
596 3182 699 3263 siquid
713 3182 752 3242 ad
766 3185 937 3261 Oceanum,

207 3265 279 3324 idn
293 3264 482 3325 Laurentino
496 3273 604 3346 turpes
618 3269 651 3327 in
663 3266 759 3327 litore
774 3287 864 3327 ranas

269 3346 311 3405 Et
325 3349 418 3406 satius
432 3355 543 3409 tenues
558 3349 673 3410 ducere
688 3351 791 3411 credis
808 3369 895 3428 ocos,

229 3427 278 3486 Ad
293 3446 346 3486 sua
361 3432 511 3508 captivum
528 3451 617 3511 quam
632 3453 702 3494 roxa
715 3436 878 3495 remittere
892 3430 1038 3514 mullum,
