2392 3888
125 168 186 232 152
445 167 489 228 Μ.
506 165 597 229 VAL.
613 165 838 226 MAll'llALlS

207 318 292 380 Uxor
307 317 435 378 moecbu
448 316 508 376 tibi
524 320 587 374 ertu
609 315 670 375 boc
684 312 723 373 acl
736 319 769 373 te
784 314 937 394 pertinet,
958 313 1027 376 Ole.

250 402 356 462 Poscit
374 403 436 460 iam
452 397 555 459 dotem
570 395 637 458 iilia
651 395 789 475 manilio:
811 405 844 457 et
856 398 926 458 boc.

166 496 198 548 15
206 485 319 546 Dicere
334 481 535 562 quindeciens
549 487 705 561 poteram,
726 480 810 560 quod
824 483 962 561 pertinet
975 482 1012 542 atl
1027 489 1075 544 te:

251 567 315 629 Setl
330 566 505 647 quintaque,
527 564 566 625 ad
578 583 627 624 me
641 566 797 644 pertinet,
818 563 895 644 010,
918 564 1004 626 nihil.

617 698 669 760 Xl.

208 813 301 893 cogi·
316 831 365 872 me
380 810 493 873 calamo
507 829 658 890 manuque
674 816 780 870 nootra

207 896 382 957 Emendare
397 913 500 972 meos,
517 891 658 972 Pudens,
676 892 814 966 libellos.

209 981 236 1040 0
251 999 339 1060 qnam
353 998 403 1040 me
417 980 543 1038 nimium
556 980 670 1057 probra
684 995 845 1056 amesque,

210 1065 269 1138 Qui
283 1066 329 1124 via
345 1063 528 1142 archetypaa
542 1063 659 1122 babere
673 1063 784 1138 nugor!

618 1193 682 1255 llll.
751 1253 753 1258 .

211 1308 263 1369 Sic
278 1325 327 1368 me
341 1307 446 1367 ironic
459 1305 714 1386 legationibus,
735 1308 899 1386 Faustine,
921 1327 1033 1370 serena

251 1393 453 1471 Excipiatque
468 1409 570 1469 meua,
593 1409 652 1470 qua
667 1390 749 1451 uolet
763 1410 854 1469 aure,
874 1395 975 1472 iocoa,

208 1477 253 1537 Ut
267 1493 335 1536 mea
349 1491 408 1536 nec
420 1477 502 1537 iuute
517 1493 594 1554 quoa
613 1474 694 1552 odit,
716 1477 827 1555 pagina
840 1473 949 1553 lacuit,
1036 1551 1043 1558 ‚
1136 1511 1141 1524 ·

250 1561 292 1620 Et
305 1559 381 1619 mibi
395 1557 436 1619 ‹le
450 1558 534 1618 nullo
550 1559 630 1618 fama
643 1561 760 1619 rubore
775 1557 888 1640 placet.

188 1642 294 1719 bQuid
308 1641 453 1722 prodeat,
475 1643 600 1722 cupiant
614 1662 681 1702 cnm
695 1641 818 1722 quidam
831 1648 937 1703 nostra
949 1641 1066 1723 videri,

252 1725 286 1786 Si
301 1745 360 1804 qua
373 1726 547 1805 Lycambeo
563 1728 711 1804 sanguine
726 1725 792 1787 tela
805 1726 952 1786 madent?

208 1811 440 1890 Vipereumque
454 1815 577 1869 vomunt
590 1816 698 1870 noatro
713 1811 770 1870 aub
786 1810 909 1870 nomine
924 1811 1024 1888 urus,

253 1895 312 1970 Qui
323 1894 443 1954 Phoebi
458 1891 561 1953 radios
573 1893 661 1952 ferre
675 1892 820 1972 diemque
836 1893 972 1972 negant?

209 1977 357 2037 Ludimus
372 1978 513 2037 innocui:
535 1978 596 2036 acio
610 1977 670 2037 boc
685 1979 781 2038 bene:
802 1979 870 2039 iuro
886 1978 1025 2057 potentia

123 2073 131 2090 ·
167 2070 201 2122 lo
248 2061 311 2120 Per
325 2062 448 2138 genium
463 2061 576 2121 Famae
593 2058 821 2141 Castaliumque
836 2079 961 2139 gregem

208 2145 332 2222 Perque
348 2150 416 2205 tuae
430 2161 536 2222 aurea,
559 2143 659 2222 magni
674 2144 749 2204 mibi
763 2146 895 2204 numinis
909 2146 1024 2221 inetur,

249 2228 380 2306 Lector,
401 2227 565 2288 inhumana
577 2225 661 2286 liber
677 2229 713 2287 ab
726 2227 849 2288 inuidia.

502 2415 505 2420 ι
605 2369 683 2430 Xlll.

212 2483 291 2543 llum
307 2483 480 2543 Tiburtinis
496 2482 655 2543 albescere
669 2480 786 2542 aolibua
801 2482 886 2544 audit

251 2567 381 2644 Antiqui
396 2563 499 2625 aientia
511 2563 597 2625 inrca
611 2566 740 2645 Lycoris
755 2568 848 2645 ebur,

209 2648 306 2711 Venit
319 2650 352 2709 in
365 2647 538 2709 Herculeos
553 2647 660 2711 collea.
690 2648 771 2726 Quid
789 2648 915 2711 Tiburis
929 2647 986 2710 ulti
1010 2684 1015 2696 ·

251 2734 335 2793 Auru
349 2730 447 2792 valet!
475 2732 574 2792 Parvo
587 2738 730 2813 tempore
745 2735 834 2812 nigro
847 2731 936 2794 redit
987 2741 991 2746 '

606 2866 685 2930 xiv.

210 2977 334 3038 Accidit
351 2977 509 3038 infandum
524 2984 649 3038 nostrae
664 2977 781 3056 scelus,
803 2975 899 3056 Aule,
919 2976 1062 3059 puellae:

252 3061 365 3120 Amisit
378 3058 464 3120 luaua
478 3061 666 3140 deliciaeque
681 3081 766 3138 onam

209 3143 278 3203 Non
294 3140 400 3222 qualea
414 3147 516 3204 teneri
530 3142 665 3225 ploravit
681 3147 778 3206 amica
792 3143 909 3218 Catulli

250 3228 381 3304 Lesbia,
399 3229 549 3308 nequitiin
562 3231 698 3308 pomeria
714 3231 865 3306 urbemi,

190 3308 275 3373 uvel
290 3307 408 3370 Stellae
423 3315 544 3372 cantata
557 3328 626 3372 meo
642 3331 717 3392 quea
731 3313 820 3372 flevit
832 3312 964 3389 Ianthis,

250 3392 343 3452 (iuiua
357 3395 389 3452 in
403 3394 509 3472 lilyaio
523 3396 610 3472 nigra
625 3395 762 3456 columba
776 3393 868 3457 eolat.
