2430 3894
325 279 664 341 urleRAMMA'rON
676 280 751 341 LIB.
766 278 805 344 V.
1026 277 1087 345 125

129 435 273 512 Miraris,
296 430 488 493 Theodora?
516 431 630 510 Magna
646 445 813 492 causaest:

128 518 233 577 Dones
246 523 281 577 tu
296 517 372 575 mihi
386 533 426 575 ne
443 523 511 575 tuos
527 514 662 576 libellos.

494 647 631 712 LXXIV.

127 763 292 844 Pompeios
306 763 433 822 iuvenes
447 762 522 821 Asia
535 769 628 840 atque
641 763 783 844 Europa,
803 759 859 840 sed
872 762 973 840 ipsum

171 847 272 907 Terra
287 846 367 924 tegit
380 846 512 924 Libyae,
534 847 560 905 ri
575 854 679 906 umen
693 844 757 906 ulla
770 847 860 925 tegit.

126 929 209 1008 Quid
223 931 334 990 mirum
347 935 414 988 toto
430 931 456 989 si
470 931 626 1008 spargitur
640 930 740 989 orbe?
768 928 873 988 iacere

168 1013 238 1074 Uno
254 1033 316 1073 non
330 1019 456 1093 poterat
470 1019 554 1072 tanta
568 1015 658 1073 ruina
671 1011 743 1072 loeo

506 1145 628 1207 LXXV.

81 1277 95 1304 ⁹
111 1323 113 1338 ,
126 1266 212 1343 Quae
227 1265 305 1343 legis
322 1283 411 1323 eausa
424 1263 529 1342 nupsit
545 1263 602 1322 tibi
616 1260 740 1340 Laelia,
761 1264 892 1341 Quinte.

167 1349 302 1410 Uxorem
316 1353 407 1428 potes
420 1348 499 1407 hano
517 1345 623 1406 dieera
635 1344 813 1426 legitimam.

498 1479 633 1542 Lxxvl.

125 1594 267 1654 Profecit
280 1601 355 1675 poto
372 1593 572 1656 Mithridates
587 1613 680 1674 saepe
695 1612 835 1672 veneno,

168 1677 285 1738 Toxica
299 1698 338 1739 ne
353 1685 483 1758 possent
497 1697 585 1738 saeva
599 1696 715 1738 noeere
729 1679 798 1739 sibi.

126 1761 176 1821 Tu
191 1781 314 1842 quoque
330 1764 437 1823 cavisti
452 1761 590 1823 cenando
606 1768 668 1822 tam
682 1759 763 1822 male
777 1778 912 1847 semper,

167 1847 214 1906 Ne
227 1866 336 1926 posses
350 1851 499 1925 unquam,
522 1846 636 1925 Cinna,
658 1849 764 1927 perire
778 1847 870 1907 fame.

412 1996 416 2004 ’
485 1979 634 2044 LXXVII.

121 2091 273 2151 Narratur
289 2090 372 2152 belle
391 2092 513 2171 quidam
528 2092 658 2172 dixisse,
679 2090 832 2165 Marulle,
950 2098 956 2110 “

166 2174 226 2251 Qui
242 2183 273 2234 to
288 2175 375 2236 ferre
389 2175 490 2236 oleum
505 2174 582 2237 dixit
595 2178 629 2236 in
644 2175 790 2238 auricula.
812 2221 813 2224 ,

477 2322 640 2385 LXXVIII.

123 2434 158 2492 Si
174 2435 259 2493 tristi
274 2432 447 2514 domicenio
461 2433 603 2512 laboras,

123 2517 258 2594 Torani,
279 2524 370 2598 potes
385 2520 505 2579 esurire
519 2537 648 2580 meeum.
683 2570 686 2576 .

121 2601 192 2661 Non
207 2600 345 2663 deerant
361 2603 435 2680 tibi,
457 2605 483 2662 si
498 2601 581 2663 soles
596 2601 787 2680 προπίνειν,

120 2685 210 2746 Viles
225 2685 426 2766 Cappadocae
442 2705 610 2766 gravesque
627 2687 724 2767 porri.

98 2768 237 2830 5Divisis
253 2771 374 2849 cybium
387 2770 499 2830 latebit
513 2774 593 2849 ovis,

120 2853 262 2913 Ponetur
278 2853 384 2932 digitis
400 2855 553 2914 tenendus
567 2855 645 2914 ustis

120 2937 218 3014 Nigra
232 2936 381 2998 coliculus
395 2940 499 2998 virens
514 2938 647 3018 patella,

118 3018 287 3098 Algentem
303 3022 394 3082 modo
413 3024 465 3102 qui
480 3022 608 3101 reliquit
621 3021 762 3080 hortumr

118 3103 162 3165 nt
174 3102 295 3185 pultem
310 3107 430 3166 niveam
446 3125 593 3187 premens
607 3102 763 3184 botellus,

74 3189 162 3252 lOEt
176 3187 299 3268 pallens
313 3191 384 3250 faba
399 3211 466 3250 oum
485 3191 617 3250 rubente
632 3187 722 3249 lardo

117 3273 250 3334 Mensae
265 3291 394 3334 monera
409 3277 435 3334 si
448 3273 533 3334 voles
548 3271 720 3350 secundae,

118 3357 303 3419 Marcentes
317 3359 375 3419 tibi
393 3353 594 3439 porrigentur
608 3377 683 3420 uvae

114 3441 286 3502 nonomen
301 3443 369 3518 pira
385 3439 584 3522 quaeserunt
599 3444 761 3523 Syrorum,

114 3525 158 3586 ut
173 3545 248 3604 quas
266 3525 357 3586 docta
371 3526 519 3608 Neapolis
536 3530 667 3600 creavit,
