2478 3922
180 187 221 252 84
502 197 536 242 n.
559 195 631 244 nnn.
654 193 842 242 ruvsnnnrs

181 339 256 415 Quid
279 337 387 399 sentire
406 343 489 415 putus
512 351 631 410 omnes,
653 330 790 408 Calvino,
814 331 927 393 maenti
1160 345 1178 398 s

180 425 225 484 lle
249 421 365 483 scelere
388 429 418 481 et
438 418 507 480 lidei
527 417 654 479 violatae
677 413 817 478 erimine?
839 416 969 478 sednon

180 508 250 569 Tam
269 506 364 566 tenuis
387 521 493 564 densus
510 502 563 562 tibi
585 502 722 580 eontigr't,
744 508 776 561 nt
797 499 956 561 mediocris

180 593 312 656 lacturae
330 598 361 648 to
382 595 496 666 mergat
517 603 606 661 onus,
629 603 685 646 nso
700 583 767 646 ‘rara
788 584 931 661 videmus,

181 675 263 750 Quae
285 673 411 754 putarim
434 689 521 732 mans
539 670 636 730 nrnltis
658 669 711 730 lrio.
728 670 862 748 eognitns
884 685 920 730 nu
942 668 998 730 lam
1229 717 1230 724 ,

180 759 277 820 'lritus
299 766 329 818 et
352 756 486 818 emedio
508 755 643 816 mutunus
663 753 768 814 dnutns
787 770 906 814 auerso.
1140 761 1177 815 lo

180 845 322 905 Ponumns
341 841 446 901 nimios
466 840 606 919 geminus:
628 837 798 916 llagrantior
817 853 914 916 aeguo

180 928 245 988 Non
267 926 357 988 debet
375 923 461 987 dolor
483 941 552 986 esse
569 923 641 999 viri,
665 939 721 982 neo
735 922 859 982 vnlnere
877 920 977 982 maior.

180 1012 223 1073 Tu
244 1010 374 1091 quumvis
395 1007 503 1069 levium
521 1008 664 1068 rn‘mimam
685 1006 878 1085 exiguamque
899 1005 1039 1066 mulorum
1231 1023 1232 1106 p

180 1095 354 1157 Particulam
373 1094 423 1153 vix
443 1092 523 1153 ferre
545 1100 648 1170 potes,
672 1088 870 1169 spumantibus
891 1089 997 1150 ardens

180 1177 370 1254 Visceribus,
392 1194 505 1238 samum
524 1175 577 1237 tibi
598 1175 677 1254 quod
698 1192 756 1235 aon
776 1173 881 1235 reddat
902 1174 1014 1234 amisus
1140 1183 1175 1235 15

180 1263 364 1342 Depositum.
404 1259 512 1339 Stupet
529 1259 620 1336 lineo,
643 1259 692 1339 qni
707 1260 763 1320 ium
783 1266 852 1337 post
870 1265 955 1336 terga
976 1255 1098 1339 reliquit
1232 1254 1233 1296 ³

182 1346 339 1423 Sexaginta
362 1360 472 1420 annos,
494 1342 618 1404 Fonteio
640 1342 762 1404 oonsule
783 1350 882 1404 nutus:

181 1432 227 1491 An
249 1428 319 1490 nihil
340 1428 369 1489 in
390 1427 495 1488 melius
513 1436 558 1490 tot
579 1445 676 1488 rerum
698 1425 815 1506 produit
833 1421 911 1486 usn?

182 1514 286 1592 llugna
307 1512 439 1591 quidem,
462 1513 554 1574 saonis
577 1529 652 1592 qnae
670 1511 720 1572 alat
741 1518 902 1591 praoeeptn
924 1507 1043 1587 libellis,

181 1598 294 1658 Victrix
314 1597 448 1658 fortunae
467 1597 624 1676 sapientia3
648 1595 777 1658 ducimus
798 1603 894 1656 autem
1138 1603 1173 1657 20

181 1682 242 1742 llos
264 1697 381 1761 proque
402 1680 524 1757 iuliees,
547 1681 595 1761 qni
617 1679 699 1742 lerre
719 1677 901 1742 incommoda
923 1678 1001 1742 ritus

182 1765 246 1827 Nee
263 1766 373 1826 iactare
393 1765 489 1843 iugum
510 1765 570 1825 rita
591 1763 722 1826 didicere
742 1763 888 1842 magistra.

183 1850 265 1924 Quae
287 1858 346 1910 tam
366 1847 444 1910 lauta
464 1849 545 1925 dies,
567 1857 599 1909 nt
619 1857 719 1910 nessei
743 1848 872 1928 prodere
892 1847 996 1924 iurem,

182 1932 351 2010 Perfidiam,
376 1931 513 2008 lrandes,
533 1941 621 2012 atquo
641 1931 718 1994 omni
739 1950 777 1992 ex
800 1931 918 1992 erimine
940 1931 1051 1992 lucrum

183 2017 352 2091 Quaesitum
370 2024 400 2076 et
422 2024 523 2095 partos
544 2016 643 2094 gladio
665 2015 715 2077 vel
737 2014 845 2095 pyxide
866 2009 1017 2076 nummosi
1137 2024 1173 2078 2⁵
1235 2009 1236 2016 ἶ

182 2101 252 2160 Rari
277 2101 386 2180 quippe
409 2097 494 2176 boni,
516 2117 636 2160 numero
655 2099 705 2160 rix
727 2109 792 2160 sunt
812 2100 933 2161 totidem
954 2106 1025 2180 quot

182 2183 347 2246 Thebarum
364 2191 468 2263 portae
488 2183 539 2244 rel
556 2184 653 2244 divitis
674 2185 749 2245 ostia
770 2181 838 2244 Nili.

182 2269 266 2329 Nona
288 2276 369 2330 aetas
391 2268 487 2346 agitur
507 2267 669 2350 peioraque
691 2268 793 2349 sponla
813 2266 885 2328 ferri

183 2352 391 2431 Temporibus,
414 2369 536 2433 quorum
557 2352 666 2414 soeleri
688 2370 745 2413 non
762 2351 872 2413 invenit
893 2351 958 2429 ipsa

182 2436 295 2497 Nomen
317 2445 346 2499 et
367 2455 384 2499 u
403 2437 483 2499 nullo
501 2439 600 2517 posuit
613 2446 714 2498 natura
731 2435 865 2504 metullo;

183 2519 245 2580 Nos
264 2519 409 2580 hominnm
430 2520 585 2600 divumque
606 2521 692 2581 iidem
707 2521 843 2596 ,elamore
867 2518 987 2595 ciamus,

184 2603 298 2677 Quanto
320 2601 484 2664 Fumidiun
506 2603 604 2675 laudat
620 2603 732 2665 nonalis
751 2611 885 2683 agentem
1232 2617 1236 2710 p

184 2685 332 2766 Sportula.
371 2684 443 2763 oie,
464 2687 564 2747 senior
584 2685 663 2749 bulla
685 2688 873 2766 dignissime,
895 2685 1004 2763 nesois,

184 2770 263 2845 Quas
285 2768 393 2831 babeat
411 2788 537 2832 veneres
560 2770 655 2832 alienu
676 2769 821 2852 poennlal
842 2773 952 2847 neseis,

184 2854 277 2928 Quem
297 2863 346 2916 tna
368 2855 538 2933 simplicitas
560 2856 648 2917 risum
668 2856 759 2935 vulgo
781 2863 914 2932 moveat,
936 2871 1023 2946 quum
1137 2862 1174 2916 35

183 2937 286 3016 Exigis
305 2956 322 2999 a
345 2957 506 3019 quoquam,
528 2957 566 3000 ne
585 2941 703 3019 peieret
721 2948 751 3000 et
769 2948 853 3020 putet
872 2939 940 3001 ullis
970 2933 993 2942 ”“

183 3022 260 3083 Esse
281 3021 398 3102 aliquod
421 3041 525 3084 numen
546 3026 662 3104 templis
685 3042 813 3106 araeque
834 3019 970 3088 rubenti?

184 3105 336 3180 Quondam
358 3106 416 3167 hoo
437 3107 591 3187 indigenae
613 3108 750 3170 vivebant
770 3126 871 3187 more,
892 3107 1059 3187 prinsquam

184 3191 319 3250 Sumeret
337 3200 486 3269 agrestem
505 3193 601 3272 posito
620 3193 782 3254 diademato
803 3191 911 3254 misem

184 3274 326 3336 Saturnus
346 3275 478 3354 lugiens,
501 3285 585 3352 tuno,
609 3295 694 3354 qnnrn
715 3277 886 3355 virguncula
908 3274 979 3337 luno
1139 3283 1179 3339 lt)

1234 2381 1236 2476 l

184 3355 222 3416 Et
243 3360 375 3436 privatus
395 3359 489 3420 adbuc
511 3359 606 3420 ldasis
628 3345 759 3440 luppiter
781 3362 889 3438 antris,

184 3438 271 3502 Nulla
293 3459 383 3522 snper
403 3442 497 3504 nubes
518 3445 650 3506 convivia
671 3443 890 3524 coelicolarum,
