2474 3906
138 201 158 265 8
216 203 260 263 Μ.
276 201 368 262 VAL.
387 199 507 261 MART
509 198 612 259 IALIS
628 199 966 261 EPIGRAMMATON
980 201 1117 264 LIBER.

223 351 357 412 Fuciuus
374 357 407 409 et
422 349 503 429 pigri
520 355 682 408 taceantur
697 355 803 428 stagna
818 349 965 412 Neronis:

267 433 354 492 IIeuc
367 433 474 493 norint
489 451 578 492 runem
594 430 716 492 saecula
731 435 947 496 naumachiam.

604 565 711 627 XXIX.

224 683 300 745 Cum
317 681 459 742 traheret
473 681 615 758 Priscus,
636 682 778 742 traheret
792 684 959 742 certamIne
974 681 1080 745 Verus

264 767 357 827 Esset
373 772 406 825 et
421 763 556 842 aequalis
572 765 658 825 Mars
672 766 833 844 utriusque
847 765 915 841 diu,
990 820 994 837 ζ

223 851 332 912 Missis
347 865 440 929 saepe
456 849 530 908 viris
545 867 652 928 magno
670 847 804 909 clamore
822 852 920 930 petita
936 858 999 925 est3

265 933 329 995 Sed
345 935 460 995 Caesar
473 930 537 1010 legi
553 934 656 1014 paruit
670 933 738 1013 Ipse
753 951 840 993 suae:
855 968 895 977 -
1214 964 1215 1004 ι

201 1019 288 1080 5Lex
303 1024 387 1096 erat,
408 1017 446 1077 ad
462 1016 589 1094 digitum
604 1019 707 1096 posita
725 1035 913 1077 concurrere
929 1038 1051 1098 parma:
1072 1058 1080 1062 -

265 1103 354 1180 Quod
369 1100 476 1177 licuit,
497 1101 602 1161 lances
618 1099 758 1180 donaque
773 1119 866 1181 saepe
882 1100 979 1164 dedit.

221 1188 365 1247 Inventus
380 1193 482 1245 tamen
500 1191 549 1243 est
562 1185 632 1244 linis
648 1183 835 1244 discriminis
850 1186 955 1264 aequis

265 1270 445 1347 Pugnaverc
460 1285 567 1348 pares,
590 1271 779 1328 succubuere
795 1287 895 1348 pares.

222 1353 311 1414 Misit
327 1353 452 1431 utrique
468 1349 561 1411 rudes
577 1358 609 1412 ct
622 1350 739 1432 palmas
756 1351 870 1412 Caesar
885 1353 1024 1431 utrique:

81 1485 85 1496 .
184 1447 215 1500 10
264 1437 332 1497 Hoc
347 1442 482 1517 pretium
494 1440 591 1495 vrrtus
606 1453 764 1515 ingeniosa
779 1434 862 1496 tulit.

225 1522 364 1600 contigit
378 1521 437 1581 hcc
451 1517 537 1580 nullo
551 1520 611 1578 nisi
628 1526 660 1579 te
678 1522 733 1580 sub
749 1521 908 1600 principe,
931 1520 1063 1580 Caesar:

265 1606 342 1668 Cum
358 1603 418 1665 duo
433 1611 622 1687 pugnarent,
643 1605 741 1664 victor
756 1610 888 1683 uterque
903 1603 970 1664 luit.

614 1720 710 1782 XXX.

225 1821 353 1879 Concita
372 1816 497 1878 veloces
511 1817 635 1896 fugeret
650 1838 717 1878 cum
733 1817 849 1878 damma
863 1815 1018 1878 Molossus

264 1903 306 1963 ut
318 1903 401 1962 varia
418 1900 520 1961 lenter
536 1908 680 1962 necteret
697 1908 765 1962 erte
782 1921 898 1979 moras,

224 1987 365 2048 Caesers
383 1993 454 2046 ante
469 1983 567 2064 pedes
582 1984 711 2066 supplex
725 1985 896 2066 slmilisquc
910 1986 1031 2064 roganti

265 2070 428 2147 Constitit,
451 2076 484 2129 et
496 2069 643 2149 praedam
657 2089 720 2130 non
733 2070 867 2149 tetigere
883 2088 984 2133 canes.

199 2167 230 2218 ὅ·
265 2199 351 2301 Ilaec
366 2197 787 2317 intellecto‘prlnoipe'dom
801 2202 880 2298 tulit.
909 2201 915 2214 ι
962 2199 968 2213 ⁸
1113 2245 1123 2282 t

224 2326 343 2386 Numen
361 2324 457 2396 habet
475 2321 604 2384 Cressr:
626 2339 714 2381 sacru
729 2327 778 2382 est
791 2323 885 2399 haec,
907 2339 994 2381 sacra
1007 2325 1167 2402 potestte,

266 2408 411 2470 Creditez
434 2407 560 2468 mentiri
575 2425 637 2466 non
652 2403 791 2466 didicere
810 2405 905 2466 lerae.

606 2515 716 2576 XXXI.

223 2614 346 2676 Cedere
364 2614 472 2673 maiori
486 2614 609 2673 virtutis
625 2614 706 2673 furna
720 2611 855 2674 secunda
869 2619 925 2676 est

263 2697 321 2759 Illa
339 2697 439 2777 gravis
454 2694 556 2776 palma
571 2703 636 2774 est,
659 2717 748 2776 quam
763 2699 863 2758 mlnor
877 2697 976 2760 hostis
990 2700 1096 2764 habet.

595 2824 716 2886 XXXII.

222 2939 267 2999 Ila
281 2940 401 3000 veniam
418 2938 545 2998 subitis:
567 2955 629 2996 non
646 2934 840 3016 displicuisse
855 2942 994 2998 meretur

264 3023 423 3100 Festinat,
446 3021 578 3098 (laesus,
603 3021 655 3099 qui
671 3017 824 3100 placuisse
838 3022 905 3084 tibi.

591 3153 725 3216 XXXIII.

221 3268 326 3329 Flavia
345 3288 437 3347 gens,
460 3274 605 3348 quantum
620 3269 677 3328 tibi
692 3268 803 3329 tertius
818 3264 944 3328 abstulit
958 3267 1069 3327 heres!

263 3353 367 3413 Paene
382 3353 442 3412 fait
455 3351 550 3428 tanti,
572 3371 634 3410 non
648 3352 792 3412 habuisse
808 3349 894 3412 duos.
