2528 3876
154 181 218 245 aoo
353 210 356 216 ·
476 181 520 242 iu.
537 180 628 250 vnn.
644 181 872 260 nanninus

628 383 721 446 LXV.

236 497 387 563 Formosa
400 496 522 578 Phyllis
536 503 629 557 nocte
645 516 713 556 cum
729 498 804 556 mihi
819 503 884 558 tota

236 580 277 640 Se
292 582 502 660 praestitisset
516 583 656 642 omnihus
671 579 770 640 modis
785 579 915 659 largam,

236 666 278 725 Et
291 665 459 742 cogitarem
472 685 560 726 mane
577 663 660 744 qnod
674 663 779 724 darem
794 685 917 742 munus,
959 731 966 738 ,

236 749 388 809 Utrumne
404 750 522 828 Cosmi,
542 749 697 809 Nicerotis
711 767 749 806 an
762 746 890 826 libram,

215 833 284 892 ihu
300 831 491 895 Baeticarum
507 833 626 915 pondus
641 850 712 891 acre
723 829 877 909 lanarum,

237 917 286 976 An
301 915 340 975 de
357 924 481 977 moneta
495 916 635 978 Caesaris
652 914 760 975 decem
775 916 884 976 flavos:

238 997 387 1079 Amplexa
403 1000 516 1062 collum
532 1003 679 1078 basioque
694 1006 757 1060 tam
770 996 863 1077 longo

238 1082 398 1162 Blandita,
421 1105 510 1164 qnam
525 1091 596 1145 sunt
610 1084 736 1164 nuptiae
751 1080 977 1164 columbarum,

237 1168 358 1246 Rogare
373 1171 477 1248 coepit
491 1168 609 1249 Phyllis
627 1168 802 1247 amphoram
817 1168 889 1226 vini.

620 1301 726 1363 LXVl.

236 1413 289 1474 Bis
306 1415 529 1494 quinquagenis
545 1413 651 1474 domus
669 1420 718 1474 est
732 1415 789 1474 tibi
803 1413 925 1474 milibus
941 1424 1064 1499 empta,

279 1497 427 1559 Vendere
442 1518 531 1579 qnam
547 1518 662 1559 summa
675 1497 725 1559 vel
738 1499 882 1559 breviore
900 1502 995 1580 cupis.

235 1581 314 1642 Arte
330 1581 387 1642 sed
401 1589 573 1664 emptorem
586 1583 670 1642 vafra
684 1583 871 1664 corrumpis,
892 1584 1050 1665 Amoene‚

278 1666 321 1725 lut
336 1686 404 1726 casa
422 1666 536 1728 divitiis
551 1667 711 1727 ambitiosa
724 1665 811 1727 latet.

171 1815 175 1822 ,
215 1747 440 1811 5Gemmantes
455 1751 555 1831 prima
568 1748 691 1829 fulgent
704 1749 862 1810 testudine
875 1748 967 1828 lecti,

280 1833 321 1892 ut
335 1834 522 1894 Maurusiaci
536 1833 675 1915 pondera
689 1855 759 1894 rara
774 1835 862 1909 citri3

238 1918 409 1996 Argentum
425 1924 517 1997 atque
532 1938 637 1978 aurum
651 1938 713 1978 non
728 1916 858 1998 simplex
871 1916 1022 1999 Delphica
1036 1927 1151 2001 portat
1257 1907 1258 1954 l

279 1997 369 2062 Stant
387 2003 493 2083 pueri,
516 2000 654 2062 dominos
670 2021 746 2081 quos
760 2020 874 2082 precer
888 2020 957 2062 esse
970 2021 1068 2067 meos.

237 2083 358 2146 Deinde
375 2086 507 2145 ducenta
523 2105 629 2163 sonas,
650 2093 683 2146 et
698 2088 759 2164 ais,
780 2105 842 2145 non
858 2104 927 2146 esse
942 2089 1083 2148 minoris.

193 2175 228 2228 10
277 2169 459 2230 Instructam
474 2168 527 2230 vili
542 2168 668 2246 vendis,
692 2171 844 2249 rimosae,
867 2169 999 2234 domnm.

610 2303 730 2365 LXVll.

236 2415 338 2475 Maiae
353 2417 543 2478 Mercurium
558 2419 685 2478 creastis
700 2417 778 2480 ldus.

236 2498 382 2576 Augustis
396 2500 483 2561 redit
497 2501 600 2562 Idibus
615 2502 719 2563 Diana.

236 2580 388 2643 Octobres
405 2585 494 2644 Maro
511 2586 702 2646 consecravit
716 2584 795 2646 ldus.

234 2664 305 2725 ldus
321 2684 415 2748 saepe
430 2666 513 2728 colas
529 2674 562 2729 et
574 2671 629 2728 has
645 2667 776 2746 stillas,

213 2750 298 2826 bQui
311 2752 413 2830 magni
427 2750 567 2812 celebras
582 2753 721 2813 Maronis
736 2747 814 2813 ldns.
843 2765 845 2770 ’

604 2887 736 2949 vann

236 2991 391 3055 Matutine
407 2995 522 3076 cliens,
545 2999 630 3062 urhis
645 2999 720 3057 mihi
735 3017 823 3058 cansa
838 2995 983 3076 relictae,

275 3077 380 3156 Atria,
401 3081 427 3139 si
444 3083 560 3161 sapias,
583 3081 741 3142 ambitIosa
755 3080 848 3142 colas.

232 3157 301 3218 Non
317 3179 382 3221 snm
398 3181 454 3242 ego
470 3163 658 3243 causidicus,
680 3184 738 3225 nee
753 3165 863 3225 amaris
878 3163 985 3225 litibus
1001 3174 1114 3248 aptus,

276 3243 340 3303 Sed
352 3247 442 3326 piger
456 3254 489 3307 et
502 3249 607 3310 senior
621 3248 841 3329 Pieridumque
856 3267 966 3310 eomes.

213 3324 371 3404 50tiamc
387 3349 571 3408 somnusque
583 3334 703 3409 iuvant,
727 3351 805 3412 qnae
820 3351 928 3410 magna
941 3335 1070 3411 negavit

275 3407 372 3467 Roma
385 3413 476 3470 mihi:
498 3412 613 3491 redeo,
636 3415 661 3474 si
676 3414 821 3494 vigilatur
836 3422 868 3476 et
882 3416 941 3477 hic.
