2392 3888
87 181 149 247 186
408 178 454 242 M.
468 177 561 241 VAL.
577 175 802 237 MARTIALIS

149 335 215 397 5llt
229 350 317 392 moue
332 330 424 390 sudas
438 331 523 390 urbis
539 329 653 390 osculis
665 329 759 407 udus,
823 323 828 336 ’

173 419 320 494 Foroque
335 413 453 492 triplici
467 433 591 494 sparsus
607 421 678 474 aute
697 433 793 491 equos
807 433 917 474 omnes

171 500 351 578 Aedemque
367 498 477 558 Martis
493 505 526 557 et
541 497 683 558 colosson
697 499 844 576 Augusti,

173 585 281 646 Garris
296 600 354 662 per
369 600 474 642 omues
488 583 660 661 tertiasque
676 583 870 660 quintusque.

171 671 274 748 Rape,
295 684 446 744 congere,
468 667 573 741 aufer,
595 665 736 745 posside:
757 665 1004 745 relinquendum
1021 676 1077 728 est.

131 753 314 834 lOSuperba
327 750 431 809 densis
446 771 516 810 arca
529 749 646 831 palleat
662 751 808 827 nummis,

173 839 304 899 Genium
321 833 515 915 explicentur
527 835 656 914 paginae
670 833 878 894 Kalendarum
888 883 897 912 ,

175 921 292 981 Iurabit
305 919 415 995 heres,
437 925 469 978 te
485 917 564 977 nihil
578 917 759 996 reliquisse,

174 1007 334 1086 Supraque
347 1001 486 1082 pluteum
500 1009 532 1061 te
547 1005 669 1062 iacente
688 1001 738 1061 vel
752 1021 870 1079 taxum,

173 1090 286 1150 Fartus
301 1106 418 1166 papyro
435 1086 505 1146 dum
519 1087 578 1146 tibi
593 1093 680 1152 torus
695 1087 824 1162 crescit,

131 1183 166 1236 15
173 1173 302 1234 Flentes
319 1173 469 1250 superbus
484 1171 615 1229 basiabit
631 1171 805 1244 eunuchos;

175 1258 306 1333 Tuoque
322 1255 420 1313 tristis
434 1253 534 1329 tilius,
555 1251 634 1313 velis
649 1252 748 1332 nolis,

175 1343 251 1401 Cum
268 1338 438 1398 concubino
454 1345 546 1397 nocte
562 1336 696 1396 dormiet
710 1339 817 1417 prima.

558 1498 652 1560 XLV.

173 1610 298 1670 Priscus
314 1611 350 1668 ab
366 1610 513 1686 Aetnaeis
528 1611 619 1688 mihi,
640 1609 770 1685 Flacco,
793 1607 964 1667 Terentius
979 1611 1046 1668 oris

215 1692 384 1752 Redditur:
403 1694 482 1752 hono
496 1693 595 1754 lucem
612 1693 714 1754 lactea
731 1712 849 1772 gemma
862 1699 960 1752 notet.

174 1777 297 1837 Defluat
312 1784 345 1837 et
358 1776 443 1837 lento
459 1775 658 1856 splendescat
672 1776 796 1836 turbida
810 1775 876 1836 lino

217 1861 374 1942 Amphora
389 1867 521 1920 centeno
536 1861 663 1922 consule
678 1862 759 1920 facta
774 1862 882 1921 minor.

152 1946 347 2023 acontinget
362 1965 421 2005 nox
439 1944 560 2024 quando
575 1948 652 2006 meis
666 1949 728 2004 tam
744 1943 874 2005 candida
889 1943 1031 2012 mensis?

220 2031 297 2089 'l'am
311 2030 392 2088 iusto
407 2028 530 2089 dabitur
544 2029 666 2108 quando
683 2028 786 2089 calere
801 2028 908 2087 mero?

177 2115 254 2173 Gom
265 2119 314 2190 te,
335 2111 465 2190 Flacco,
487 2115 563 2173 mihi
578 2112 691 2173 reddet
707 2113 876 2191 Cythereia
890 2112 1032 2192 Cypros,

216 2198 370 2258 luxuriae
384 2198 440 2256 liet
454 2204 517 2257 tam
532 2200 611 2258 bono
626 2217 716 2272 capsa
733 2215 829 2261 meae.

561 2352 669 2414 XLVI.

90 2537 100 2560 ,
177 2479 298 2556 Quanta
311 2485 363 2538 tua
378 2485 427 2538 est
440 2473 598 2559 probitas,
620 2489 705 2540 tanta
721 2489 769 2541 est
784 2478 914 2540 infantia
929 2478 1074 2559 formae,

219 2563 314 2622 Ceste
329 2581 426 2641 puer,
447 2581 545 2643 puero
563 2567 676 2625 castior
690 2563 877 2647 Hippolyto!

177 2646 225 2705 Te
242 2664 345 2706 secum
363 2645 458 2705 Diana
474 2646 551 2707 velit
569 2648 740 2728 doceatque
757 2655 882 2724 natare,

220 2730 268 2790 Te
285 2729 403 2809 Cybele
417 2736 516 2791 totum
533 2730 642 2793 mallet
656 2733 774 2794 habere
788 2733 923 2810 Phryge.

152 2814 229 2875 bTu
245 2814 443 2893 Ganymedeo
458 2821 584 2896 poteras
599 2816 768 2889 succedere
782 2815 883 2893 lecto,

220 2897 284 2957 Sed
299 2899 393 2959 durus
408 2898 531 2959 domiuo
545 2902 630 2960 basia
646 2900 712 2961 sola
726 2901 826 2961 dares.

92 2983 95 2988 ’
173 2980 280 3059 Felix,
303 3000 381 3060 quae
395 2988 537 3043 tenerum
552 2987 673 3044 vexabit
692 3004 803 3064 sponsa
818 2983 961 3042 maritum

216 3065 257 3124 Et
273 3084 350 3144 quae
367 3071 400 3125 te
414 3066 510 3127 faciet
523 3070 623 3147 prima
637 3068 742 3150 puella
756 3067 868 3128 virum!

551 3224 670 3286 XLVll.

58 3382 63 3389 .
175 3331 252 3390 Pars
267 3333 456 3393 maxillarum
470 3341 558 3394 tonsa
573 3337 710 3414 esttibi,
732 3355 804 3416 pars
819 3335 877 3395 tibl
891 3353 959 3394 rasa
979 3342 1051 3417 est,

217 3414 293 3472 Pars
307 3414 392 3474 uulsa
407 3422 465 3478 est.
492 3418 592 3476 Unum
609 3421 676 3495 quis
690 3425 780 3499 putat
794 3437 863 3479 esse
878 3419 993 3499 caput?
