2392 3888
115 139 182 202 200
441 139 485 201 Μ.
502 140 593 202 VAL.
610 140 833 202 MARTIALIS

600 341 677 402 VIII.

142 491 146 496 ·
204 454 362 532 Tanquam
378 472 471 532 parva
487 454 571 514 foret
587 472 677 513 sexus
690 455 804 512 Iniuria
817 456 917 514 nostri
935 491 945 504 ·

243 534 429 596 Foedandos
444 536 558 617 populo
572 538 771 617 prostituisse
785 556 903 615 mares,

202 622 264 682 Iam
280 639 375 680 cunae
391 619 515 680 lenonis
528 626 633 696 crant,
654 627 690 679 ut
703 623 739 680 ab
755 622 852 680 ubere
867 629 981 702 raptus

246 702 379 765 Sordida
393 704 495 782 vagitu
512 711 658 783 posceret
672 722 744 763 aera
758 723 846 784 puer.
964 769 967 774 ,

183 789 367 850 blmmatura
382 785 495 846 dabant
507 787 647 846 infandas
663 806 794 874 corpora
808 806 932 867 poenas.

244 873 312 932 Non
328 869 399 930 tulit
415 872 567 930 Ausonius
579 869 652 929 talia
667 867 804 930 monstra
818 877 924 950 pater,

136 1031 139 1036 ἱ
193 955 287 1016 Idem
303 955 355 1033 qui
371 955 490 1014 teneris
505 972 604 1034 nuper
618 955 771 1014 succurrit
784 955 929 1054 ephebis,

244 1037 291 1098 Ne
304 1039 425 1097 faceret
440 1037 592 1098 steriles
581 1057 669 1098 saeva
682 1036 780 1098 libido
795 1039 886 1099 viros.

203 1121 349 1182 Dilexere
365 1121 451 1200 prins
464 1123 554 1200 pueri
568 1123 757 1200 iuvenesque
772 1138 941 1198 senesque,

162 1216 196 1269 1⁰
246 1207 287 1265 dt
301 1223 381 1263 nunc
396 1205 530 1265 Infantes
544 1211 576 1265 te
592 1223 731 1285 quoque,
752 1205 883 1282 caesar,
906 1214 1013 1266 amant

610 1339 660 1399 IX.

202 1447 253 1511 Nil
267 1450 325 1509 tibi
338 1447 453 1528 legavit
466 1449 597 1527 Fabius,
618 1449 799 1528 BIthyniee,
822 1449 870 1508 cui
885 1455 919 1508 tu

243 1533 368 1610 Annua,
391 1535 416 1592 si
432 1533 572 1610 memini,
594 1532 677 1592 milia
691 1551 765 1592 sena
779 1531 879 1591 dabas.

202 1616 276 1678 Plus
291 1615 368 1677 nulli
383 1615 470 1677 dedit
484 1615 555 1676 illc.
579 1618 682 1696 queri,-
702 1616 882 1698 Bithynice,
900 1614 989 1676 nolit
1007 1617 1014 1624 '
1064 1655 1073 1673 .

243 1701 351 1761 Annua
363 1699 479 1779 legarit
493 1698 577 1760 milia
593 1719 667 1760 sena
681 1701 746 1760 tibi

617 1829 734 1894 Χ

185 1948 320 2026 Gener,
343 1949 514 2027 cantharo,
537 1969 605 2009 cum
618 1950 694 2009 foris
707 1948 861 2028 libenter,

202 2031 321 2093 clamas
335 2040 368 2091 et
382 2009 540 2092 maledicis
557 2040 589 2092 et
602 2034 735 2093 minaris

199 2116 344 2196 Deponas
360 2118 475 2176 animos
491 2125 611 2194 truces,
633 2136 804 2178 monemus:

200 2199 296 2260 Liber
310 2219 373 2259 non
387 2206 477 2280 potes
495 2207 528 2261 et
541 2199 665 2280 gulosus
681 2219 758 2263 esse.

612 2334 783 2400 XI,

198 2449 317 2511 Nomen
332 2469 399 2509 cum
414 2448 503 2510 violis
517 2452 658 2529 rosisque
674 2458 793 2554 natum,

200 2533 267 2608 Quo
281 2551 353 2611 pars
372 2534 487 2613 optima
500 2536 674 2595 nominatur
687 2538 776 2613 unul,

198 2614 330 2695 Hyblam
347 2615 430 2693 quod
444 2619 524 2697 sapit
537 2618 720 2698 Atticosque
735 2621 852 2698 flores,

199 2697 289 2774 Quod
303 2697 392 2759 nidos
408 2699 472 2760 olet
487 2700 568 2761 alitis
582 2706 751 2781 superbae3

176 2783 320 2844 5Nomen
334 2790 461 2844 nectare
478 2783 597 2845 dulcius
614 2788 754 2864 beato,

199 2867 265 2942 Quo
281 2868 386 2929 mallet
401 2867 535 2948 Cybeles
552 2889 630 2949 puer
645 2872 747 2930 vocari

85 2957 86 2962 ’
198 2950 239 3008 Et
255 2952 307 3028 qul
320 2950 431 3052 pocula
445 2960 599 3032 temperat
613 2951 764 3014 'donanti

189 3032 286 3108 Quod
303 3053 328 3093 ιι
320 3033 504 3096 'Parrhasia
518 3055 609 3096 sones
624 3039 656 3095 in
673 3039 755 3114 aula,

196 3117 399 3196 Respondent
411 3118 554 3181 Veneres
572 3120 823 3201 Cupidinesque,
880 3157 889 3174 ·

156 3199 315 3262 10Nomen
329 3201 453 3279 nobile,
474 3202 586 3280 molle,
609 3203 774 3265 delicatum

197 3280 300 3343 Versu
316 3282 421 3342 dicere
436 3303 498 3343 non
514 3247 586 3344 rudi
597 3286 752 3346 volebam.

199 3361 262 3420 Sed
277 3372 310 3423 tn
325 3363 444 3443 syllaba
459 3374 619 3428 contumax
632 3389 795 3449 repugnas.
