2460 3878
142 235 206 300 ιιι
463 215 859 304 ἰινιιιιιιιιιιιιε

270 384 388 446 Tristia
402 402 560 445 serrorum
575 385 717 463 stigmata
731 383 817 445 delet
831 386 928 459 Eros,

226 468 481 530 Enterocelarum
496 469 598 528 fertur
611 467 785 529 Podalirius
800 469 948 528 Hermes:
1061 537 1064 544 Δ

271 553 331 631 Qui
345 557 434 613 sanet
449 557 557 632 ruptos
573 552 623 612 dic
635 554 728 630 mihi,
750 551 856 630 Galle,
876 553 944 631 quis
959 553 1030 613 est?

616 686 705 748 LVlI.

226 786 359 864 Argenti
372 785 483 848 libram
499 788 661 860 mittebas;
682 786 764 846 iacta
779 784 895 846 selibra
909 793 974 863 est,

269 867 332 929 Sed
346 871 473 951 piperis.
503 871 596 930 'santi
611 887 673 929 non
689 888 774 947 emo,
793 870 903 947 Sexte,
924 870 1023 950 piper.

609 1002 713 1064 ινιιι.
730 981 734 994 ’

226 1099 359 1160 Anxuris
375 1101 522 1179 aequorei
535 1098 690 1180 placidos,
710 1098 879 1175 Frontina,
901 1119 1044 1160 recessus

266 1183 309 1243 lli
322 1185 448 1263 propius
463 1183 551 1243 Baias
564 1182 768 1260 litoreamque
783 1182 921 1260 domum,

225 1265 266 1326 ut
282 1265 363 1344 qnod
379 1268 560 1327 inhumanae
576 1286 685 1326 cancro
700 1267 841 1348 fervente
858 1265 983 1326 cicadae

232 1352 236 1358 '
267 1350 334 1408 Non
351 1367 464 1410 novere
479 1369 602 1428 nemus,
625 1351 847 1428 flumineosque
860 1349 945 1412 lacus

203 1433 304 1493 iilum
321 1431 419 1512 colui,
441 1432 547 1494 doctas
561 1440 662 1496 tecum
678 1431 838 1494 celebrare
851 1435 978 1493 vocabat

266 1516 424 1595 Pieridas,
445 1537 526 1578 nunc
540 1537 596 1576 nos
612 1518 738 1576 maxima
753 1518 848 1577 Roma
862 1519 947 1578 terit.

226 1601 285 1660 llic
300 1602 375 1661 mihi
390 1601 510 1680 qnando
527 1599 593 1660 dies
606 1620 692 1660 mens
707 1601 778 1660 est‘l
798 1602 946 1660 iactamur
961 1601 993 1660 in
1009 1599 1074 1661 alto

267 1684 362 1744 Urbis
377 1694 409 1744 et
424 1687 456 1745 in
474 1684 574 1745 sterili
590 1685 650 1744 vita
663 1683 770 1744 labore
786 1685 886 1765 perit,

225 1768 307 1826 llura
322 1769 488 1828 suburbani
503 1768 574 1828 dum
588 1768 694 1846 iugera
707 1770 858 1848 pascimus
874 1769 939 1847 agri

185 1861 218 1914 10
266 1850 454 1931 Vicinosque
468 1853 543 1930 tibi,
565 1859 669 1912 sancte
683 1852 829 1927 Quirine,
848 1849 940 1911 lares.
1019 1849 1021 1854 ’

225 1933 289 1993 Sed
303 1954 365 1995 non
379 1935 462 1996 solns
477 1942 556 1995 amat
571 1937 623 2014 qni
637 1941 728 1995 nocte
745 1935 856 2014 dieque
871 1936 1053 2014 frequentat

265 2018 400 2097 Limina,
421 2038 479 2079 nec
491 2025 590 2079 vatem
604 2016 678 2078 talia
692 2018 800 2079 damna
816 2019 937 2081 decent.

224 2100 286 2162 Per
300 2103 475 2163 veneranda
489 2103 563 2163 mihi
577 2103 735 2162 Musarum
748 2123 849 2182 sacra,
870 2121 928 2184 per
944 2119 1054 2162 omncs

264 2185 334 2246 Iuro
350 2186 441 2264 deos,
465 2194 498 2246 et
510 2205 572 2246 non
588 2185 744 2247 officiosus
758 2206 832 2246 amo.
914 2214 918 2219 ·

620 2319 695 2392 LIX.

224 2420 411 2499 Consumpta
425 2425 473 2478 est
487 2437 547 2478 nno
564 2418 589 2477 si
604 2415 747 2477 lemmate
761 2417 886 2497 pagina,
908 2418 1021 2476 transis

264 2503 305 2562 Et
319 2503 461 2562 breviora
475 2502 549 2580 tibi,
567 2520 634 2575 non,
643 2499 772 2561 meliora
785 2500 917 2581 placent.

223 2587 314 2645 Dives
330 2591 363 2644 et
378 2604 416 2643 ex
432 2585 514 2645 omni
527 2586 628 2665 posita
642 2592 691 2644 est
703 2586 853 2644 instructa
868 2581 999 2643 macello

266 2669 351 2729 Cena
367 2669 439 2746 tibi,
461 2668 517 2728 sed
532 2676 565 2728 te
580 2673 693 2738 mattea
710 2666 774 2729 sola
788 2670 879 2727 iuvat.

105 2829 107 2836 Α
200 2751 290 2813 5Non
306 2773 381 2832 opus
398 2761 447 2813 est
460 2754 549 2812 nobis
564 2753 688 2812 nimium
702 2751 823 2812 lectore
838 2750 962 2829 guloso;
1017 2815 1020 2822 ,

264 2837 354 2897 Hunc
370 2835 456 2912 volo,
478 2856 539 2896 non
557 2836 612 2896 liat
629 2837 681 2915 qni
696 2837 763 2895 sine
777 2853 857 2916 pane
872 2841 966 2896 satur.

624 2969 687 3029 LX.

220 3066 288 3126 lnra
307 3066 399 3126 trium
413 3067 505 3147 petiit
519 3086 536 3126 a
551 3067 683 3126 Caesare
699 3062 919 3145 discipulorum
952 3071 960 3084 ‘

265 3150 413 3211 Assnetus
429 3167 551 3232 semper
565 3150 681 3210 Munna
697 3148 811 3209 docere
826 3147 911 3209 duos.

219 3379 279 3438 Hic
296 3379 441 3439 festinata
454 3282 768 3456 requiesniliddation
782 3380 905 3456 umbra,

261 3461 398 3521 Crimine
414 3480 503 3539 quam
516 3461 572 3522 fati
588 3468 673 3522 sexta
686 3463 822 3547 peremit
835 3461 944 3524 hiems.
