2474 3906
383 203 722 264 EPIGRAMMATON
738 203 812 264 inu.
825 203 845 265 l.
1096 204 1136 268 13

601 404 638 468 V.

180 519 228 581 no
245 519 302 578 tibi
317 517 543 594 naumachiam,
566 515 668 577 tudae
684 517 903 597 epigrammata
916 520 1021 578 nabis:

224 603 296 680 Via,
316 607 409 682 puta,
432 620 499 662 cum
514 600 612 678 lihro,
634 601 758 678 Marce,
780 607 888 660 natare
902 608 963 662 tua.

596 749 647 812 VI.

180 861 347 924 Aetherias
363 857 465 937 aquila
479 877 608 938 puerum
623 865 767 938 portante
781 879 839 940 per
855 880 942 920 auras

225 943 368 1006 lllaeaum
384 941 500 1002 timialia
515 944 666 1022 unguibus
680 945 782 1005 haesit
796 964 888 1004 anua:

180 1032 270 1093 Nunc
285 1048 339 1088 aua
354 1028 525 1088 anaanecs
539 1033 647 1087 exorat
664 1027 780 1108 praeda
796 1026 905 1088 leones

225 1115 325 1174 'l‘utua
340 1119 373 1172 et
386 1112 506 1190 ingenti
519 1108 600 1170 ludit
615 1113 648 1172 in
661 1131 717 1172 ore
732 1112 831 1193 lepus.

157 1199 273 1276 5Quae
284 1199 400 1256 maiora
413 1202 504 1276 putas
516 1195 683 1256 miracula?
706 1216 838 1258 summus
850 1197 991 1275 utrisque

222 1285 340 1344 Auctor
356 1279 459 1340 adest:
479 1281 556 1340 haec
574 1287 644 1339 sunt
660 1281 817 1359 Caesaris,
839 1279 895 1340 illa
910 1280 997 1341 Iovia.

583 1432 648 1493 Vll.

181 1543 299 1605 Stellae
314 1543 459 1604 delicium
474 1546 533 1604 mei
549 1543 703 1620 columba,

181 1630 309 1692 Verona
322 1626 400 1689 licet
415 1627 561 1688 audiente
576 1626 691 1706 dicam,

180 1711 284 1791 Vicit,
304 1711 453 1790 Maxime,
474 1731 632 1793 passerem
648 1709 773 1774 catulli.

182 1797 284 1858 Tanto
300 1795 399 1858 Stella
413 1814 499 1857 meus
514 1803 567 1858 tua
583 1795 724 1872 Catullo,

148 1895 166 1946 5
181 1883 304 1960 Quanto
318 1899 444 1961 passere
460 1882 556 1941 maior
573 1890 621 1940 est
635 1878 782 1940 columba,

583 2045 659 2106 Vlll.

184 2157 275 2238 Quod
290 2157 389 2236 magui
406 2157 564 2216 Thraseae
580 2157 841 2234 consummatique
858 2149 984 2214 Catenis

225 2244 373 2321 Dogmata
387 2242 432 2300 aie
448 2240 605 2320 sequeris,
627 2237 726 2298 salvus
741 2245 776 2298 ut
791 2257 860 2298 ease
876 2237 970 2314 velia,

179 2328 315 2402 Pectore
330 2344 389 2384 nec
403 2324 486 2384 nuda
503 2325 628 2384 strictos
643 2323 776 2382 incurris
791 2323 825 2381 in
839 2333 946 2398 enses,

225 2409 314 2488 Quod
328 2410 443 2480 fecisse
458 2405 550 2468 velim
565 2413 615 2485 te,
637 2407 788 2484 Deciane,
810 2407 896 2466 facia.

153 2493 260 2558 tNolc
274 2496 371 2556 virum
388 2491 472 2554 facili
487 2491 613 2552 redimit
628 2493 680 2570 qui
695 2492 841 2570 sanguiue
858 2491 985 2568 famam,

223 2580 314 2638 llunc
329 2576 414 2656 volo,
436 2575 555 2636 laudari
570 2576 622 2656 qui
637 2579 705 2637 aine
723 2583 823 2636 morte
838 2582 950 2656 potest.

589 2741 639 2800 lX.

179 2831 289 2915 Bellus
303 2855 394 2914 honac
410 2860 443 2914 ct
456 2873 582 2933 magnus
596 2856 640 2914 vis
657 2854 757 2930 idem,
781 2856 889 2931 (latta,
909 2853 1024 2916 uideri:

223 2937 288 2998 Sed
304 2940 355 3018 qul
372 2936 576 2998 bellushomo
593 2945 658 3016 est,
681 2939 788 3016 Cotta,
803 2937 934 3020 pusillus
949 2939 1039 2999 homo
1056 2947 1112 2998 est.

595 3088 632 3152 X.

176 3202 264 3264 Petit
278 3200 438 3263 Gemellas
452 3202 574 3281 nuptias
588 3199 773 3262 Maronillae
878 3127 950 3204 χ

54 3287 86 3368 1⁰,
96 3311 133 3362 g,
168 3269 219 3370 sst
235 3288 320 3367 cupit
335 3291 367 3346 et
380 3287 475 3346 inatat
489 3291 521 3345 et
534 3292 680 3365 precatur
694 3291 727 3344 et
741 3283 842 3344 donat.

178 3369 310 3432 Adeone
324 3367 455 3450 pulchra
470 3371 540 3430 eat?
558 3371 650 3429 immo
665 3367 787 3429 foedius
802 3366 847 3427 nil
863 3378 920 3430 est.

179 3453 262 3530 Quid
278 3473 352 3534 erga
368 3456 400 3514 in
414 3453 468 3515 illa
483 3455 600 3534 petitur
617 3458 650 3511 et
662 3450 789 3532 placet?
822 3451 999 3608 'l'uasitJ
