2392 3888
301 157 641 220 EPIGRAMMATON
654 157 729 221 LlB.
744 157 794 218 IX.
1009 159 1071 225 199

100 309 248 372 ¹(iurandis
262 311 296 368 in
310 309 450 386 aetherio
464 307 540 368 licet
554 311 654 369 auctio
669 310 725 368 fiat
738 307 868 388 Olympo
914 311 916 318 “

158 395 380 474 Coganturque
395 391 447 451 dei
461 391 597 451 vendere
613 390 763 471 quidquid
779 393 908 451 habent:

85 476 324 540 sconturbabit
337 473 444 552 Atlas,
463 482 497 535 et
509 495 571 534 non
587 477 647 552 erit
661 476 751 534 uncia
764 481 846 552 tota,

155 559 286 620 Decidat
299 565 401 618 tecum
416 577 475 637 qua
488 566 578 637 pater
593 560 660 638 ipae
676 555 773 618 decim.

109 643 174 703 Pro
191 640 375 722 Capitolini·
390 639 464 720 quid
478 642 561 701 enim
577 643 634 701 tibi
648 640 771 701 coluere
785 639 929 720 templio,

155 725 236 800 Quid
249 745 306 805 pro
322 725 476 803 Tarpeiae
491 725 612 784 frondis
627 726 747 786 honore
760 725 886 803 potest?

111 807 194 885 Quid
208 829 264 888 pro
280 807 461 868 culminibus
476 809 604 886 geminis
620 814 758 868 matrona
773 807 945 867 Tonantis?

60 903 102 956 lo
151 890 277 951 Pallada
291 897 472 970 praetereo:
494 909 546 951 res
559 893 623 969 agii
638 891 691 951 illa
706 899 781 950 tuas.

111 974 194 1051 Quid
207 973 464 1053 loquar-Alciden
480 974 700 1053 Phoebumque
713 975 844 1053 piosque
859 971 1019 1032 Laconas?

139 1056 269 1136 ¹Addita
284 1057 359 1137 quid
371 1058 460 1118 Latio
476 1055 581 1117 Flauia
598 1056 712 1136 templa
725 1056 821 1137 polo?
1046 1055 1051 1066 ’

106 1141 264 1220 Expectes
279 1150 312 1202 et
325 1142 493 1218 sustineas,
513 1142 665 1219 Auguste,
688 1157 817 1200 necesse
832 1146 896 1199 eat:

152 1225 228 1285 Nam
243 1226 299 1285 tibi
315 1224 398 1304 quod
412 1221 510 1283 solvat
524 1243 585 1283 uon
599 1225 694 1285 habet
708 1244 778 1284 urea
792 1223 879 1284 Iovia.
950 1229 956 1240 ’

502 1357 553 1417 iv.

106 1454 254 1517 Aureolis
268 1456 349 1515 intui
364 1474 430 1515 cum
446 1457 544 1535 possit
558 1455 646 1515 Galla
660 1456 777 1516 duobus

154 1541 194 1600 ut
209 1538 277 1618 pluo
294 1559 381 1617 quam
399 1540 496 1616 futui,
518 1542 543 1599 ai
560 1538 690 1599 totidem
705 1537 876 1598 addideris:

105 1620 263 1692 Aureolo·
280 1642 297 1681 a
311 1629 343 1682 te
360 1642 414 1682 cur
429 1624 556 1701 accipit,
578 1621 751 1702 Aeschyle,
775 1621 895 1682 denoa‘i

152 1707 220 1766 Non
236 1705 326 1766 iellut
339 1708 419 1766 tanti
434 1705 529 1767 Galla.
559 1705 641 1782 Quid
655 1707 751 1785 ergo?
780 1705 887 1766 Tacet.

527 1840 556 1901 V

101 1933 232 1996 Nubere
246 1935 291 1995 aio
309 1934 430 1995 Prisco:
451 1953 513 1995 nou
526 1936 639 2012 miror,
661 1935 768 1996 Paula:
792 1936 907 2015 sapisti.

151 2019 273 2078 Ducere
287 2023 319 2078 te
335 2038 400 2097 uon·
411 2017 476 2078 volt
489 2018 629 2079 Priscus:
651 2025 684 2079 ct
698 2019 753 2080 ille
768 2020 857 2099 sapit.

515 2153 566 2214 Vl.

104 2248 199 2325 Tibi,
219 2266 335 2307 summe
348 2247 449 2308 Rheni
465 2250 598 2311 domitor
612 2259 645 2310 ei
657 2267 770 2331 pareus
786 2250 886 2326 orbis,

103 2329 224 2392 Pudice
237 2332 399 2411 princeps,
422 2334 534 2411 gratias
549 2340 642 2412 egunt
656 2335 767 2406 urbes;

103 2412 243 2495 Populos
257 2414 429 2476 habebunt:
450 2435 562 2496 parere
575 2418 635 2476 iam
650 2413 752 2477 scelus
767 2434 829 2475 nou
843 2420 899 2474 eat.

103 2499 175 2558 Non
190 2515 268 2577 puer
283 2500 364 2558 avari
377 2503 483 2559 sectus'
494 2507 561 2562 arte
576 2500 733 2580 mangonio

74 2593 98 2644 5
110 2579 278 2643 Virilitatis
293 2581 402 2642 damna
416 2587 535 2644 maeret
549 2591 694 2665 ereptae,

103 2664 173 2724 Nec
187 2684 277 2743 quam
290 2667 441 2745 superbus
456 2675 612 2748 computet
627 2671 739 2750 stipem
753 2665 847 2743 leno,-

103 2747 166 2806 unt
180 2749 347 2827 prostituto
363 2751 476 2810 misera
490 2759 588 2812 mater
601 2753 722 2812 infanti.

105 2830 166 2907 Qui
180 2849 238 2891 nec
253 2830 346 2892 cubili
358 2832 462 2894 fuerat
480 2842 551 2895 autc
567 2842 600 2895 te
614 2833 766 2914 qnondam

101 2913 227 2992 Pudor,
250 2933 320 2975 ease
333 2934 391 2995 per
404 2923 437 2976 te
451 2920 554 2998 coepit
569 2924 602 2979 et
614 2917 765 2997 lupanari.

507 3042 563 3104 VII

106 3137 222 3197 Dicere
237 3136 276 3198 de
291 3138 417 3217 Libycis
430 3138 538 3199 reduci
553 3141 610 3200 tibi
626 3142 785 3220 gentibus,
808 3141 904 3218 Afer,

146 3222 310 3282 continuis
324 3221 409 3283 volui
422 3225 557 3302 quinque
573 3223 682 3285 diebus
696 3226 771 3287 Ave.
804 3251 817 3276 a

100 3304 172 3368 Non
186 3313 289 3386 vacui,
316 3313 367 3365 aut
387 3305 517 3385 dormit,
536 3307 715 3368 dictumest
734 3309 781 3367 bia
795 3313 907 3385 terque
922 3315 1058 3366 reverso.

142 3387 205 3448 iam
220 3391 294 3449 satis
309 3395 375 3468 eat,
394 3391 487 3450 Afer:
509 3411 571 3450 non
587 3393 632 3450 via
648 3407 753 3450 avere:
774 3388 850 3449 vale.
