2460 3878
145 218 209 286 24⁰
258 169 261 172 Ι
468 220 512 282 Μ.
527 220 619 282 VAL
637 221 866 282 murinus

269 372 414 449 Haeduo,
434 373 593 434 inhumani
606 378 713 452 raptus
728 374 766 432 ab
782 392 838 434 ore
853 373 939 454 lupi,

188 459 268 522 lsffl
284 475 362 537 quoe
375 475 439 515 non
453 463 566 535 egeant
579 456 667 518 ferro
681 459 847 517 rtrnotorir
862 457 988 537 Melior,

272 542 314 600 nt
329 541 398 599 iaia
413 539 574 600 irbrorum
586 541 818 620 prototomique
832 541 936 618 ruder.

227 622 337 686 Pullus
351 622 390 682 ad
403 623 482 684 liaeo
496 624 644 703 oenirque
657 624 759 684 tribua
772 626 833 686 iam
846 643 944 705 perna
957 632 1103 708 snperrtea

270 705 429 781 noluetum
450 708 563 766 arturis
578 709 665 767 mitia
678 726 769 786 poma
783 707 879 785 dabo,
917 767 921 774 ,

227 793 275 852 De
287 795 479 856 Nomentano
491 792 595 850 vinum
607 792 676 850 aine
689 791 778 852 faece
793 790 922 872 lagona,

185 886 221 947 ιο
268 874 353 952 Quae
367 875 415 934 bio
426 873 580 935 Frontino
596 872 724 935 consule
737 877 836 955 prima
849 876 919 938 fuit.

230 959 393 1020 Accedunt
405 960 473 1018 aine
486 955 565 1018 felle
581 959 643 1018 iooi
657 977 718 1018 neo
730 977 820 1020 mane
834 957 971 1020 timendo

270 1042 414 1104 Libertas
429 1048 464 1101 et
474 1040 520 1101 nil
534 1040 617 1121 quod
631 1044 764 1103 trouiare
782 1041 869 1103 velis.

230 1128 277 1187 De
291 1128 416 1206 prasino
432 1125 558 1186 conviva
571 1143 657 1185 meur
670 1133 845 1205 venetoque
858 1124 1018 1206 loquatur,

269 1211 335 1270 Nec
349 1210 469 1270 fuciunt
484 1226 666 1288 quemquam
682 1209 793 1290 pocula
807 1216 916 1271 nortra
929 1227 1022 1270 renna

613 1341 720 1405 xnlx.

229 1456 307 1518 cum
321 1459 413 1534 poter
426 1455 650 1533 amethystinor
663 1455 795 1515 trientes

227 1540 270 1600 nt
282 1539 373 1617 nigro
388 1537 704 1618 medeaeopimiano,

228 1621 380 1703 Propinas
393 1620 484 1682 modo
502 1619 660 1684 conditum
674 1621 820 1682 Sabinum

227 1707 270 1768 nt
283 1705 361 1765 diois
377 1705 469 1782 mihi,
491 1706 583 1766 Cotto
597 1705 675 1781 „via
688 1706 721 1766 in
736 1706 856 1766 ιιιιιιιῖἰι
985 1707 988 1710 ’

207 1790 397 1868 sonoquam
414 1785 559 1868 plumbea
572 1791 642 1850 vino
655 1787 721 1849 volt
733 1789 767 1849 in
780 1791 882 1850 euro?

227 2038 364 2116 Frangat
375 2035 532 2097 idumaeo·
546 2037 646 2096 triatir
660 2036 800 2118 Victoria
812 2035 946 2118 palmae,

270 2119 405 2199 Plange,
426 2120 543 2197 Fauor,
565 2139 655 2180 naevo
667 2125 795 2200 pectora
809 2120 891 2181 nuda
908 2139 1006 2181 mann.

228 2206 332 2266 Mutet
347 2204 456 2264 Honor
472 2202 572 2264 uultur
587 2212 621 2264 et
634 2205 749 2284 iniquia
763 2223 891 2266 munera
905 2203 1034 2264 flammia

270 2289 366 2350 Mitte
382 2294 560 2365 coronatae,
582 2286 690 2348 Gloria
704 2295 834 2366 maesta,
859 2307 969 2349 oomaa.

204 2373 299 2434 5Heu
312 2372 446 2434 facinori
468 2372 567 2451 prima
580 2371 756 2449 fraudatur,
778 2371 912 2453 Scorpo,
931 2373 1056 2433 inventa

271 2454 395 2517 Oeoidir
410 2463 443 2516 et
456 2457 562 2534 nigros
577 2461 640 2515 tam
655 2457 717 2515 olto
730 2457 832 2535 iungi·
849 2475 954 2534 equor.

229 2541 379 2601 Curribus
392 2538 447 2602 illa
460 2540 522 2599 tnir
536 2557 661 2620 aemper
673 2551 840 2621 properata
854 2542 1021 2621 breviaque

226 2627 229 2636 ⁴
271 2623 335 2685 Cur
347 2623 409 2682 fuit
424 2628 457 2682 et
469 2623 550 2682 vitae
564 2630 626 2684 tarn
640 2641 739 2704 prope
753 2630 836 2685 meta
848 2624 942 2685 tuae?

638 2753 687 2817 Li.

232 2870 342 2932 Sidera
357 2872 418 2932 ianr
434 2871 548 2952 Tyrius
562 2871 689 2932 Phrixei
704 2873 834 2953 respicit
848 2872 916 2950 agni

273 2955 394 3016 Taurus
409 2963 442 3016 et
457 2954 610 3018 alternum
624 2956 753 3016 Gartora
768 2956 850 3035 fugit
862 2956 979 3028 hiemr;

228 3037 323 3100 Ridet
338 3057 427 3117 eger,
449 3041 580 3101 vertitur
596 3041 722 3119 humus,
743 3041 874 3102 vertitur
889 3046 922 3098 et
937 3039 1049 3116 arbor,

271 3123 428 3184 Ismarium
441 3122 547 3204 pellex
561 3125 665 3185 Attico
678 3124 781 3205 plorat
793 3125 872 3204 Ityn.

204 3208 327 3286 oQuoa,
347 3206 512 3286 Faustino,
533 3207 616 3287 dier,
640 3207 746 3287 quales
761 3209 818 3269 tibi
831 3209 926 3269 Roma
938 3205 1098 3268 Ravennre

270 3290 423 3353 Abstulit!
444 3311 462 3351 o
479 3289 579 3370 soler,
602 3312 620 3352 o
636 3294 771 3354 tunicata
787 3293 891 3372 quiea!

229 3373 255 3432 0
271 3391 394 3451 nemus,
415 3375 551 3436 ofonter
566 3373 759 3455 solidumque
773 3374 924 3436 madenti·
938 3377 1077 3438 harenae

268 3454 357 3515 Litua
372 3463 405 3516 et
419 3458 582 3535 aequoreis
599 3457 780 3538 splendidus
794 3460 900 3520 Anxur
912 3461 1018 3541 aquia,
