2426 3900
351 331 690 395 nricnnnnnuon
704 289 777 394 niu.
793 334 815 396 1.
1031 395 1036 398 ,
1062 333 1103 398 aa

557 535 606 596 cl.
663 579 665 586 s

140 647 202 711 llla
216 667 323 710 manus
360 643 493 708 nondam
507 645 679 709 studiorum
692 647 754 709 fida
769 667 906 709 meorum

183 733 226 795 Et
241 730 319 793 felix
334 668 459 792 domiuo
473 736 609 811 notaque
626 732 828 811 Caesaribus,

139 817 293 878 Destituit
305 816 421 896 primos
436 813 545 874 viridis
562 815 740 877 Demetrius
755 835 866 882 anuos:

186 901 303 977 Quarta
317 900 417 958 tribus
431 895 540 958 lustris
555 897 660 960 addita
673 901 782 961 messis
797 904 874 960 erat.

118 983 192 1046 5Ne
207 989 310 1044 tamen
324 981 363 1042 ad
377 981 500 1061 Stygias
514 980 646 1044 famulus
662 981 871 1044 descenderet
884 984 1025 1063 umbras,

184 1068 301 1127 Ureret
314 1063 498 1146 implicitum
513 1085 582 1126 cum
600 1067 751 1128 scelerata
763 1064 850 1145 lues,

140 1152 283 1212 Cavimus
298 1156 332 1210 et
347 1148 463 1209 domini
477 1151 525 1210 ius
542 1168 631 1210 omne
646 1150 820 1236 remisiqrus
835 1167 944 1230 aegro:

185 1235 318 1296 Munere
333 1231 444 1311 diguus
459 1239 528 1293 erat
541 1232 733 1294 convaluisse
748 1253 827 1296 mec.

141 1316 250 1378 Sensit
264 1317 413 1378 deficiens
427 1336 481 1377 sua
494 1319 632 1397 praemia
647 1337 759 1398 meque
773 1323 936 1400 patronum

95 1415 132 1466 10
183 1400 267 1463 Dixit
281 1400 320 1461 ad
334 1401 473 1461 inleruas
486 1399 569 1470 liber
583 1403 683 1464 iturus
700 1421 802 1483 aquas.

551 1533 613 1597 cll.

141 1650 204 1726 Qui
218 1649 318 1730 pinxit
332 1647 489 1710 Venerem
503 1652 604 1726 tuam,
625 1647 756 1728 Lycen,

140 1730 323 1811 Blenditus,
345 1734 439 1812 puto,
458 1730 561 1808 pictor
576 1737 625 1790 est
639 1731 810 1794 Mineruae.

547 1864 622 1925 0111.

140 1975 200 2056 „Si
214 1971 361 2037 dederint
376 1978 481 2055 superi
498 1975 624 2038 deciens
637 1978 713 2038 mibi
728 1975 814 2038 milia
830 1979 975 2039 eentum“

184 2060 316 2121 Dicebas
330 2058 482 2139 nundum,
505 2059 666 2139 Scaevola,
686 2063 786 2122 iustus
803 2081 915 2143 eques,

141 2142 342 2225 „Qualiter-c
357 2145 473 2221 vivam,
495 2164 584 2224 quam
598 2143 686 2224 large
703 2165 854 2225 quamque
870 2145 1002 2208 beate!“

184 2229 333 2288 Riserunt
347 2225 456 2288 faciles
471 2235 504 2288 et
518 2230 658 2289 tribuere
675 2228 738 2289 dei.-

119 2310 311 2377 5Sordidinr
325 2309 423 2371 multu
438 2317 510 2392 post
523 2312 583 2372 boc
599 2319 685 2390 toga,
709 2311 841 2392 paenula
853 2313 961 2392 peior,

186 2392 318 2456 (lulceus
333 2401 382 2454 eat
396 2402 479 2454 sarta
492 2401 604 2474 terque
621 2401 792 2474 quaterque
808 2401 895 2454 cute:

139 2480 252 2559 Deque
269 2477 378 2539 decem
391 2476 499 2558 plures
515 2497 639 2559 semper
654 2483 816 2538 servantur
831 2475 948 2556 olivae,

183 2560 328 2641 Explicat
345 2569 379 2622 et
394 2581 485 2622 cenas
499 2563 590 2622 unica
608 2581 714 2623 mensu
727 2561 819 2638 duas,

138 2648 183 2708 lit
195 2646 365 2709 Veientani
378 2646 496 2706 bibitur
511 2646 582 2707 faex
596 2666 699 2707 crassa
713 2643 848 2720 rubelli‚

89 2743 132 2798 10
182 2732 261 2791 Asse
276 2730 361 2789 cicer
375 2727 516 2809 tepidum
531 2737 652 2790 constat
666 2737 698 2791 et
713 2749 780 2790 asse
795 2730 911 2793 Venus.

137 2813 175 2875 In
188 2815 256 2891 ius,
279 2832 297 2873 ο
312 2811 405 2872 fallax
420 2819 512 2890 atque
526 2813 693 2892 infitiator,
715 2831 835 2874 eumusc

182 2899 247 2958 Aut
259 2897 327 2956 viv'e
342 2901 394 2957 aut
409 2894 552 2975 deciens,
572 2896 736 2976 Scaevola,
758 2896 859 2959 redde
873 2891 950 2956 deis.

544 3045 621 3106 civ.

137 3156 229 3217 Picto
245 3156 329 3236 quod
342 3159 413 3236 iuga
429 3155 561 3218 delicata
578 3155 659 3217 collo

137 3239 259 3301 Pardus
273 3241 408 3301 sustinet
421 3242 643 3321 improbaeque
658 3242 756 3320 tigres

136 3322 305 3403 Indulgent
319 3325 501 3406 patientiam
515 3325 657 3404 flagello,

136 3407 291 3470 Mordent
307 3426 400 3468 aurea
416 3407 499 3488 quod
511 3406 616 3489 lupata
631 3409 731 3483 cervi,

112 3490 234 3570 bQuod
248 3492 348 3553 frenis
362 3492 472 3571 Libyci
487 3491 650 3553 domantur
663 3493 729 3551 ursi

134 3577 197 3658 Et,
219 3577 366 3658 quafitum
384 3575 525 3655 Calydon
539 3575 648 3638 tulisse
662 3575 781 3651 fertur,
844 3650 889 3712 3*
