2430 3894
131 229 192 294 iti
450 229 493 290 M.
511 229 601 290 vii.
618 228 845 290 Manilius

171 395 206 448 10
255 383 377 442 Aureus
391 387 426 440 ut
443 380 553 460 Scorpi
569 399 661 440 nasus
676 382 790 460 ubique
806 384 922 443 micet?

214 466 240 526 0
256 466 373 525 frustra
385 462 545 543 locuples,
567 483 584 523 o
601 463 809 525 ‹liaaimulator
824 467 928 545 amici,

255 550 341 609 Haec
353 546 433 627 legia
449 553 482 608 et
494 546 622 607 laudan?
652 548 736 624 Quae
752 549 810 609 tibi
824 549 904 610 fama
917 551 1019 632 periti

592 679 700 742 XXVI.

214 793 304 871 Quod
320 791 410 873 alpha
424 791 504 869 dixi,
525 790 644 870 Corde,
665 791 900 871 paenulatorum

215 877 263 938 'l'e
277 894 392 956 nuper,
415 875 517 953 aliqua
532 893 600 934 eum
615 876 736 935 iocarer
750 877 784 936 in
798 877 918 954 charta,

215 961 249 1022 Si
262 960 346 1020 forte
361 959 457 1021 bilem
473 959 567 1019 movit
580 959 631 1017 hic
645 959 702 1018 tibi
716 976 839 1038 verane,

214 1046 306 1106 Dieaa
318 1042 430 1106 licebit
445 1045 518 1103 beta
530 1060 579 1100 me
595 1048 778 1120 togatorum.

594 1173 717 1236 XXVII.

213 1290 372 1369 ingenium
386 1287 582 1365 studiumque
597 1287 655 1347 tibi
669 1304 833 1366 moresque
847 1307 1005 1369 genuaque

257 1373 336 1434 Sunt
350 1372 479 1449 equitia,
500 1370 616 1430 fateor:
639 1377 744 1431 cetera
755 1369 858 1450 plebia
870 1374 976 1439 habea.
1008 1463 1010 1466 Ι

193 1623 270 1686 anu
285 1629 413 1703 septena
429 1622 487 1682 tibi
501 1640 561 1680 non
578 1627 649 1681 aunt
663 1619 811 1682 aubaellia
823 1624 917 1700 tanti,

197 1725 199 1730 ’
257 1707 301 1768 Ut
315 1706 424 1766 sedeas
439 1707 504 1766 viae
519 1703 651 1784 pallidus
667 1705 802 1768 Oceano.

585 1837 721 1920 xxvm.

215 1953 259 2014 Ut
272 1954 353 2014 bene
368 1952 514 2032 loquatur
528 1954 704 2030 sentiatque
720 1954 911 2032 Mamereua,

216 2036 353 2097 Efficere
367 2035 478 2113 nullia,
500 2035 597 2114 Aule,
619 2038 754 2098 moribus
766 2039 881 2117 peanis:

214 2120 337 2179 Pietate
349 2121 464 2180 iratres
478 2121 603 2181 Curtios
617 2118 695 2180 lieet
711 2122 827 2200 vineta,

219 2203 331 2279 Quiete
342 2202 476 2280 Nervae,
500 2204 645 2264 comitate
659 2204 816 2282 ltuaonea,

194 2287 378 2349 tl'robitate
393 2287 533 2365 Macros,
553 2289 709 2366 aequitate
723 2287 895 2365 Mauricos,

216 2371 364 2432 Oratione
380 2370 533 2450 Reguloa‚
554 2371 631 2430 incia
644 2370 772 2432 Paulos:

216 2455 413 2533 Robiginoais
430 2461 541 2515 cuncta
557 2453 701 2516 dentibua
717 2455 810 2516 rodit.

209 2527 381 2598 ‘Hominem
395 2537 562 2617 malignum
577 2539 683 2599 ioman
698 2557 768 2599 eaae
783 2545 816 2598 tu
830 2538 953 2599 credas:

215 2623 281 2700 Ego
298 2640 366 2681 ease
381 2623 527 2682 miserum
542 2621 655 2700 eredo,
677 2623 726 2682 eui
739 2620 842 2702 placet
855 2641 953 2683 nemo.

597 2768 704 2830 XXlX.

221 2881 255 2942 Si
271 2880 391 2962 quaudo
406 2880 547 2963 leporem
562 2884 658 2943 mitti·
672 2884 764 2961 mihi,
786 2881 906 2960 Gellia,
928 2879 1023 2961 dieta,

259 2965 601 3048 „1¹¹ormoauaaeptem,
622 2966 747 3044 Marce,
766 2962 875 3027 diebus
890 2965 985 3030 erta.“

218 3047 329 3108 Sinon
345 3048 489 3127 (letitia,
511 3051 537 3110 ai
552 3070 675 3128 verum,
695 3049 748 3112 lux
761 3044 845 3128 mea,
866 3068 991 3128 narraa,

257 3131 360 3193 liliati
374 3151 545 3213 nunquam,
567 3133 684 3211 Gellia,
705 3142 739 3194 tu
753 3131 904 3214 leporem.

607 3265 702 3328 XXX.

218 3379 335 3456 Varro,
357 3375 533 3458 Sophocleo
549 3398 612 3439 nen
624 3377 785 3439 infitiande
801 3379 969 3458 cothurno,

261 3460 327 3520 Nee
340 3463 440 3521 minua
453 3463 486 3522 in
502 3461 634 3522 Calabra
647 3461 844 3544 suspiciende
858 3461 944 3542 lyra,
