2392 3888
118 135 180 200 ιιι
439 136 482 196 M.
499 134 591 196 van.
607 99 833 196 minumus

203 287 292 364 Quod
306 286 428 348 alludis
442 286 542 348 adhuc
556 286 716 365 semelque
730 290 814 348 nasci

202 373 271 433 Uno
286 374 346 431 iarn
360 373 419 431 tibi
433 390 494 429 non
509 376 557 430 sat
571 373 665 430 estin
681 391 776 448 anno,

202 457 311 515 Natum
326 464 375 533 te,
397 454 506 533 Clyte,
527 473 585 513 nec
600 453 697 514 semel
710 458 833 552 putalro.

589 588 683 651 LXV.

202 705 263 764 Hic
277 705 329 762 ubi
341 701 500 761 Fortunae
516 699 651 761 Reducis
666 700 816 780 fulgentia
830 700 896 763 late

187 800 192 810 “
246 783 378 866 Templa
391 788 509 864 nitent,
529 783 606 844 felix
620 803 691 844 area
705 803 805 864 nuper
820 792 906 861 erat3

177 867 182 874 ’
204 873 264 932 Hic
273 872 370 931 stetit
383 871 492 929 Arctoi
505 869 659 928 formosus
673 867 801 950 pulvere
817 869 894 929 belli

247 956 441 1035 Purpureum
458 951 592 1012 fundens
609 955 723 1014 Caesar
738 955 775 1013 ab
791 973 846 1013 ore
860 955 972 1032 iubar;

180 1040 264 1102 5Hic
277 1039 366 1098 lauru
380 1037 524 1097 redimita
538 1057 639 1097 comas
654 1044 687 1097 et
701 1035 830 1096 candida
845 1038 932 1099 cultu

246 1124 342 1182 Roma
356 1120 501 1182 salutavit
513 1139 589 1180 voce
604 1139 755 1198 manuque
770 1119 869 1181 deum.

205 1206 330 1267 Grande
343 1205 405 1265 loci
419 1206 562 1264 meritum
577 1210 732 1264 testantur
746 1212 779 1264 et
793 1205 893 1266 altera
908 1206 1008 1268 dona:

249 1291 317 1349 Stat
331 1285 467 1348 sacer'et
482 1287 605 1348 domitis
624 1289 767 1367 gentibus
782 1309 870 1349 arcus
887 1297 967 1352 ovat.

204 1374 264 1434 Hic
279 1375 393 1452 gemini
410 1392 518 1432 currus
537 1378 701 1432 numerant
715 1370 881 1452 elephanta
894 1376 1114 1454 frequentem,

165 1469 200 1520 10
248 1458 372 1519 Sufficit
385 1457 542 1516 immensis
557 1476 668 1515 aurens
681 1458 749 1535 ipsc
763 1458 850 1534 iugis.

205 1543 291 1602 Haec
305 1549 355 1602 est
370 1541 462 1620 digna
475 1542 554 1619 tuis,
577 1541 777 1616 Germanice,
798 1547 889 1620 porta
903 1543 1091 1625 triumphis3

247 1626 313 1685 Hos
329 1625 430 1685 aditus
444 1627 553 1685 urbem
567 1625 679 1685 Martis
694 1625 810 1684 habere
826 1625 928 1689 decet.

591 1758 696 1820 LXVI.

206 1877 344 1954 Angusto
359 1875 410 1954 pia
425 1881 494 1933 tura
509 1874 709 1951 victimasque

204 1961 267 2020 Pro
282 1967 385 2018 vestro
401 1956 473 2017 date
487 1957 580 2034 Silio,
603 1958 763 2017 Camenae.

206 2045 259 2103 Bis
275 2061 366 2101 senos
380 2043 467 2101 iubet
482 2060 521 2100 en
535 2038 641 2100 redire
656 2041 772 2117 fasces,

205 2127 283 2188 Nato
299 2125 440 2202 consule,
458 2123 618 2203 nobilique
632 2126 717 2202 virga

183 2213 295 2274 5Vatis
311 2208 474 2270 Castaliam
490 2206 610 2267 domum
628 2226 748 2268 sonare.

205 2297 320 2355 Rerum
334 2296 433 2374 prima
448 2293 528 2352 salus
543 2299 577 2351 et
590 2311 649 2350 una
665 2293 796 2368 Caesar,

206 2378 362 2438 Gaudenti
377 2383 520 2456 superest
534 2375 633 2434 adhuc
649 2373 731 2453 qnod
746 2380 851 2453 optet,

204 2462 295 2522 Felix
309 2481 446 2541 purpura
459 2460 633 2537 tertiusque
649 2457 764 2518 consul.

206 2545 353 2622 Pompeio
371 2542 496 2603 dederit
509 2541 587 2601 licet
602 2550 725 2601 senatus

165 2637 199 2688 10
206 2629 248 2690 nt
263 2630 377 2688 Caesar
392 2645 508 2706 genero
523 2646 627 2686 sacros
641 2627 792 2701 honores,

207 2715 343 2789 Quorum
357 2713 502 2792 pacificus
518 2718 568 2769 ter
584 2709 740 2790 ampliavit

206 2798 294 2856 lanus
310 2798 446 2856 nomina:
470 2795 562 2854 Silius
579 2794 761 2872 frequentes

205 2880 324 2940 Mavult
335 2882 379 2940 sic
393 2897 556 2938 numerare
573 2875 756 2937 consulatus.

586 3003 705 3066 LXVll.

205 3119 306 3179 Horas
322 3119 457 3196 quinque
472 3138 550 3198 puer
567 3119 701 3178 nondum
718 3119 777 3178 tibi
788 3119 928 3193 nunciat,
944 3123 977 3176 et
988 3123 1030 3176 tn

249 3203 310 3260 lam
324 3203 449 3261 conviva
463 3203 552 3278 mihi,
576 3201 771 3280 Caeciliana,
792 3203 894 3279 venia,

207 3285 285 3344 (ium
300 3283 390 3343 modo
406 3283 584 3345 distulerint
600 3305 711 3345 raucae
725 3285 897 3345 vadimonia
913 3290 1047 3363 quartae

249 3367 291 3424 Et
304 3364 487 3428 Floralicias
501 3365 598 3428 lasset
611 3370 727 3429 harena
742 3370 835 3431 feras.
