2460 3878
324 174 665 238 EPIGRAMMATON
678 178 753 240 LIB.
767 179 819 241 IX.
995 170 998 176 ¹
1033 179 1096 243 219

504 377 640 442 cxxvi
710 347 717 360 “

135 487 225 548 Ilaec
239 494 312 548 suut
324 488 379 550 illa
396 492 458 550 mei
477 511 555 571 quae
571 493 699 552 cernitis
714 512 769 552 ora
785 450 929 572 Cdmoui,

180 571 267 632 llaec
280 573 372 652 pueri
384 574 480 636 iacies
493 577 654 656 primaque
669 576 771 636 forma
783 576 853 638 fuit.

137 655 290 716 Creverat
302 657 354 718 hic
367 657 467 720 voltus
482 660 530 721 bis
548 659 636 720 denis
651 660 765 720 fortior
780 662 870 720 aunis

180 737 403 821 Gaudebatque
415 761 485 802 suas
498 745 630 823 pingere
645 746 740 804 barba
755 762 865 822 genas,

109 823 178 884 alut
191 821 287 883 libata
300 823 398 884 semel
412 845 544 885 summos
559 827 650 886 modo
667 846 803 907 purpura
818 825 936 887 cultros

180 905 352 985 Sparserat.
381 909 493 968 Invidit
507 909 546 968 de
563 911 664 970 tribus
678 929 738 969 una
752 929 841 970 soror

134 990 178 1049 Et
188 990 343 1052 festinatis
357 990 469 1053 incidit
485 995 614 1053 stamina
626 994 749 1073 penus,

100 1141 106 1148 ,
179 1074 411 1154 Absentemque
425 1077 508 1156 patri
523 1075 649 1136 rettulit
662 1096 741 1138 urna
755 1095 870 1156 rogum.

135 1155 200 1216 Sed
214 1175 254 1216 ne
268 1157 335 1219 sola
349 1166 452 1220 tamen
466 1177 595 1240 puerum
609 1162 731 1241 pictura
744 1159 907 1240 quuatur,

83 1253 126 1304 10
175 1240 262 1300 Ilaec
276 1243 338 1303 erit
349 1244 382 1302 iu
397 1243 512 1304 chartis
527 1245 623 1304 maior
637 1247 736 1323 imago
751 1246 837 1306 meis.

497 1377 646 1440 LXXVII.

134 1483 226 1562 Quod
239 1485 387 1565 optimum
401 1487 442 1545 sit
457 1485 593 1566 disputat
607 1490 775 1549 convivium
885 1543 890 1553 .

176 1567 323 1629 Facunda
338 1569 439 1629 Prisci
452 1572 579 1649 pagina,

133 1653 176 1713 Et
190 1652 284 1713 multa
300 1650 400 1730 duch,
422 1653 516 1714 multa
531 1654 656 1716 sublimi
670 1655 787 1735 refert,

178 1734 242 1796 Sed
255 1741 365 1796 cuncta
380 1735 471 1797 docto
486 1745 625 1818 pectore.

106 1818 228 1897 aenou
242 1821 389 1902 optimum
404 1821 445 1880 sit
460 1822 608 1901 quaeritis
622 1823 814 1884 couvIvium‘l

177 1905 212 1964 In
227 1923 286 1982 quo
302 1902 464 1966 choraules
477 1925 539 1965 non
555 1907 625 1966 erlt.

493 2054 655 2118 LXXVIII.

133 2165 259 2225 Funera
271 2170 343 2245 post
357 2171 477 2245 septem
493 2168 598 2246 uupaIt
611 2167 669 2228 tibi
684 2166 772 2228 Galla
786 2169 937 2245 vitorum,
1059 2197 1062 2200 ·

158 2261 162 2330 j
178 2249 355 2308 Picentinc:
377 2252 467 2328 sequi
483 2247 565 2328 volt,
587 2257 686 2330 puto,
702 2249 790 2311 Galla
805 2252 896 2311 viros.

509 2383 644 2443 LXXIX.

135 2493 255 2555 Oderat
268 2504 340 2555 ante
355 2494 466 2556 ducum
482 2496 611 2558 famulos
626 2497 808 2575 turbamque
823 2496 960 2576 priorem

177 2579 220 2638 ut
233 2577 404 2639 Palatinum
420 2581 516 2640 Roma
530 2579 747 2661 supercilium:

131 2663 177 2724 At
190 2681 270 2722 nuuc
285 2669 388 2724 tantus
404 2683 489 2724 amor
504 2666 639 2743 cunctis,
661 2665 817 2743 Auguste,
839 2669 963 2724 tuorum
978 2667 1043 2740 est,

176 2745 221 2806 Ut
233 2747 275 2807 sit
289 2748 400 2826 cuique
415 2766 487 2808 auae
503 2769 576 2810 cura
591 2747 726 2809 secunda
742 2747 857 2808 domus.

103 2830 216 2893 suam
228 2828 369 2910 placidae
384 2839 521 2912 mentes,
544 2839 630 2894 tanta
644 2839 694 2892 est
704 2831 881 2894 reverentia
894 2831 1010 2909 nostrl,

177 2913 254 2975 'l'am
268 2921 377 2995 pacata
394 2917 498 2995 quIes,
520 2923 623 2976 mutus
637 2917 669 2975 iu
684 2934 739 2976 ore
757 2914 867 2996 pudor.

130 2997 230 3060 Nemo
246 3018 318 3060 auos
334 3033 377 3046 -
389 3001 467 3061 haec
484 3007 533 3060 est
547 2999 635 3060 aulae
649 3006 759 3060 natura
772 3000 909 3080 potentis
926 3034 981 3079 -‚

175 3081 241 3142 Sed
255 3081 371 3144 domiui
385 3101 487 3145 mores
503 3085 704 3145 Caesarianus
719 3086 822 3149 habet.

511 3217 632 3279 LXXX.

126 3327 270 3391 Duxerat
282 3331 424 3392 esuriens
437 3329 626 3410 locupletem
641 3349 759 3411 pauper
775 3346 945 3410 auumque·

172 3411 311 3474 Uxorem
325 3413 425 3494 pascit
439 3413 560 3476 Gellius
575 3421 607 3473 et
621 3415 725 3476 lutuIt.
