2430 3894
528 33 738 42 ——qm—--n
774 33 1132 42 ——a———n-—ua--.

258 272 597 341 EPIGRAMMATON
611 275 686 337 ΜΒ.
700 277 739 339 V.
961 275 1019 338 109

106 424 270 486 Praeferat
284 424 426 504 antiquos
440 442 564 504 semper
578 423 680 489 utillo
695 427 791 488 novis.

43 506 122 569 esic
134 512 273 567 veterem
287 508 401 584 ingrati
415 507 543 587 Pompei
559 511 733 586 quaerimus
745 512 900 586 umbram,

105 590 157 653 Sic
171 588 301 651 landant
315 589 416 651 Catuli
430 588 503 651 vilia
517 592 630 673 templa
643 611 743 660 senes,

62 674 182 734 Ennius
197 679 247 735 eat
259 672 363 736 lectus
377 672 459 734 salvo
475 675 548 753 tibi,
570 676 682 755 Rome,
703 676 835 746 Merene

103 757 147 817 ut
160 776 214 819 sua
227 758 365 817 riserunt
378 756 501 818 saecula
513 757 717 824 Maeoniden:

61 841 143 902 Rara
159 847 305 901 coronato
319 839 463 920 plausere
479 836 807 919 decrementum,
908 879 910 883 ·

23 933 55 986 lo
101 923 200 984 Norat
214 923 366 984 Naronem
381 920 448 984 sola
462 925 600 987 Corinna
613 946 710 989 sunm.

60 1007 129 1069 Vos
143 1014 263 1084 tamen,
284 1026 302 1066 o
318 1009 417 1068 nostri
432 1027 473 1068 ne
486 1008 634 1070 fontineto
647 1006 766 1070 libelli:

107 1089 142 1150 Si
159 1096 231 1171 post
244 1090 307 1150 fato
321 1092 407 1151 veuit
421 1091 537 1170 gloria,
559 1112 621 1153 non
636 1109 782 1173 propero.

472 1251 523 1320 xl.

63 1361 297 1441 Sardonychas,
319 1361 513 1441 zmaragdos,
536 1362 726 1442 adamantes,
749 1362 881 1444 iaspidas
896 1382 956 1424 uno
1182 1402 1185 1452 q

102 1445 220 1509 Versat
233 1447 265 1504 in
280 1445 411 1506 articulo
430 1445 543 1524 Stella,
566 1447 699 1525 Severe,
719 1466 815 1508 meus.
1184 1453 1185 1458 ’

60 1528 180 1592 Multas
193 1530 227 1588 ln
242 1528 362 1608 digitis,
385 1527 492 1608 plures
509 1532 541 1590 in
555 1531 692 1597 carmine
706 1549 839 1608 gemmas

101 1613 261 1674 Invenies:
281 1611 354 1672 iude
369 1618 418 1672 est
431 1614 523 1690 haec,
545 1619 637 1692 puto,
660 1613 743 1674 culta
756 1633 871 1676 manus.

468 1773 531 1836 Xll.

63 1889 154 1968 Quod
167 1887 307 1950 nutantia
320 1886 425 1946 fronte
439 1885 591 1966 perticata

62 1975 174 2035 Gestat
185 1968 326 2054 pondera
339 1967 508 2030 Mesthlion
523 1971 690 2049 superbus,

63 2059 125 2118 Aut
138 2055 266 2138 grandis
279 2054 377 2114 Ninus
392 2054 533 2112 omnibus
546 2051 674 2117 lacertis

63 2140 191 2221 Septem
207 2136 290 2219 quod
305 2155 419 2216 pueros
432 2135 516 2196 levat
529 2135 580 2196 vel
594 2143 680 2214 octo,

45 2225 126 2284 elles
140 2243 205 2284 non
218 2219 357 2282 difficilis
371 2220 446 2280 mihi
460 2218 600 2296 videtur,

65 2308 132 2368 Uno
147 2327 217 2368 cum
232 2305 328 2383 digito
343 2301 394 2363 vel
407 2304 484 2379 hoe,
505 2301 555 2364 vel
570 2301 643 2380 illo,

64 2389 174 2452 Portet
191 2387 293 2451 Stella
307 2406 392 2448 mens
407 2385 515 2446 decem
530 2383 657 2466 puellas.

455 2551 533 2610 lllll.

68 2664 153 2744 Sum,
176 2667 295 2744 fateor,
318 2684 503 2747 semperque
517 2665 579 2740 ful,
596 2659 791 2737 callistrate,
809 2678 943 2740 pauper,

103 2749 168 2811 Sed
183 2751 424 2827 concinemus,
443 2768 501 2810 nec
516 2745 594 2809 male
610 2750 700 2808 notor
715 2761 828 2823 eques,

35 2819 37 2872 ²
66 2831 125 2893 Sed
138 2839 206 2895 toto
220 2831 314 2912 legor
328 2834 404 2893 orbe
418 2833 568 2910 frequens
585 2836 618 2890 et
633 2827 747 2888 dicitur
763 2826 845 2904 „llio
858 2825 945 2904 est‚“

102 2916 257 2997 Quodque
273 2918 352 2978 cinis
367 2919 490 2997 paucis,
510 2917 571 2975 hoc
586 2913 662 2974 mihi
675 2913 737 2971 vite
751 2909 847 2972 dedit.

45 3000 107 3060 out
120 3008 174 3062 tua
190 3001 332 3062 centenis
346 3001 527 3062 incumbunt
540 3005 623 3059 tecte
638 2993 788 3062 columnis

100 3085 140 3145 ut
153 3083 323 3146 libertinas
338 3103 408 3144 arca
422 3082 559 3163 flagellat
573 3099 664 3163 opes,

64 3166 234 3248 Magnaque
249 3166 388 3230 Niliacae
402 3168 499 3229 servit
512 3166 570 3229 tibi
584 3164 676 3246 gleba
690 3163 826 3244 syenen,

102 3251 230 3312 Tondet
243 3259 278 3312 et
290 3253 469 3312 innumeros
484 3249 604 3328 Gallice
616 3250 726 3312 Parma
741 3267 861 3328 greges.

64 3331 127 3394 lloc
141 3355 204 3416 ego
217 3344 314 3416 tuque
330 3354 449 3400 sumus:
471 3333 528 3396 scd
544 3333 627 3414 quod
643 3354 726 3411 sum,
747 3351 810 3401 non
828 3334 919 3410 potes
934 3346 1019 3389 esser

103 3418 151 3480 Tu
167 3419 254 3500 qnod
268 3437 320 3498 es,
342 3420 488 3501 epopulo
504 3418 638 3500 quilibet
652 3434 721 3479 esse
735 3419 849 3496 potest.
