2500 3912
487 245 611 292 sabina
634 248 683 292 111.

85 390 183 465 Atque
209 385 306 444 obiter
329 385 411 460 leget
434 394 481 444 aut
503 385 613 444 scribet
634 386 682 444 vel
706 386 828 446 dormiet
851 389 941 456 intus;

82 471 218 548 Namque
242 469 311 528 facit
333 486 463 527 somnum
481 469 579 529 clausa
600 468 704 529 lectica
727 471 865 531 fenestra.

84 556 161 614 Ante
184 564 281 613 tamen
301 553 413 611 reniet:
436 551 520 612 nobis
544 555 767 632 properantibus
790 555 886 615 obstat
951 603 956 612 .

82 639 166 700 Unda
190 639 290 716 prior,
314 654 419 714 magno
442 636 569 715 populus
592 640 696 716 premit
718 641 831 716 agmine
852 640 977 718 lumbos,

83 723 140 796 Qui
161 722 308 800 sequitur;
332 721 399 780 ferit
421 721 467 780 hic
489 720 602 798 cubito,
625 723 691 781 ferit
715 740 815 782 assere
839 723 911 783 duro
1027 737 1079 790 245

81 807 186 880 Alter,
210 815 239 864 at
260 805 308 864 bic
331 807 439 882 tignum
458 806 544 883 capiti
564 807 681 882 incutit,
702 806 753 865 ille
775 817 934 872 metretam.

83 891 206 966 Pinguia
230 903 314 947 crura
337 889 412 956 luto:
437 889 535 968 planta
555 906 622 948 mcx
644 890 769 968 undique
790 910 893 968 magna

83 974 194 1033 Calcor
215 974 293 1031 etin
315 972 405 1050 digito
430 972 530 1032 clavus
552 973 619 1032 mihi
640 974 737 1034 militis
759 973 872 1034 haeret.

82 1057 187 1116 Nonne
210 1057 311 1131 vides,
335 1066 440 1135 quanto
465 1056 632 1116 celebretur
654 1058 786 1135 sportula
807 1057 907 1118 fumo?

7 1173 8 1176 κ
83 1139 208 1200 (lentum
232 1142 393 1217 convivae,
417 1143 548 1220 sequitur
566 1159 617 1200 sua
640 1159 783 1220 quemque
807 1143 910 1203 culina.
1028 1157 1079 1209 250

82 1224 215 1284 Corbulo
239 1226 289 1283 vix
310 1224 401 1284 ferret
424 1235 466 1284 tot
490 1243 560 1284 vasa
581 1227 725 1302 ingentia,
749 1234 791 1285 tot
813 1244 860 1286 res

80 1309 239 1388 Impositos
261 1310 364 1386 capiti,
390 1327 462 1387 quas
484 1317 567 1368 recto
589 1311 702 1368 vertice
724 1317 820 1387 portat

82 1393 225 1454 Servulus
248 1393 349 1451 infelix
372 1403 401 1452 et
422 1411 508 1452 cursu
532 1393 652 1452 ventilat
672 1394 776 1470 ignem
862 1453 864 1457 ,

82 1477 260 1536 Scinduntor
280 1477 394 1536 tunicae
417 1485 514 1536 sartae
536 1477 639 1544 modo:
664 1477 751 1554 longa
775 1489 911 1538 coruscat

82 1563 210 1621 Serraco
232 1562 368 1621 veniente
390 1561 489 1636 abies,
513 1569 599 1638 atque
622 1561 713 1621 altera
734 1563 830 1640 pinum
1026 1577 1078 1630 255

81 1645 214 1705 Plaustra
237 1643 359 1711 vehunt;
383 1654 482 1704 nutant
504 1645 562 1704 alte
580 1645 750 1724 populoque
774 1647 924 1706 minantur.

81 1727 154 1788 Nam
178 1729 202 1787 si
224 1728 396 1806 procubuit,
421 1731 469 1806 qui
492 1747 561 1788 saxa
583 1727 730 1806 Ligustica
753 1736 850 1808 portat

82 1814 174 1888 Axis,
201 1821 230 1871 et
254 1830 387 1871 eversum
408 1812 480 1872 fudit
503 1831 592 1891 super
614 1815 725 1890 agmina
747 1822 885 1890 montem,

81 1896 158 1970 Quid
183 1904 321 1975 superest
343 1895 378 1954 de
398 1893 593 1974 corporibus?
616 1900 679 1975 quis
699 1897 842 1973 membra,
863 1898 926 1975 quis
951 1915 1018 1958 ossa

80 1977 218 2039 Invenit?
247 1979 380 2039 obtritum
403 1979 482 2058 vulgi
503 1981 580 2057 perit
601 1998 685 2041 omne
709 1982 836 2042 cadaver
1025 1993 1078 2046 260

79 2063 165 2124 More
188 2064 313 2134 animae:
336 2064 438 2124 domus
460 2065 571 2123 interea
594 2084 697 2125 secura
719 2065 845 2144 patellas

79 2148 139 2207 lam
163 2148 242 2208 lauat
264 2156 294 2208 et
315 2147 409 2207 bucca
431 2148 560 2207 foculum
583 2151 690 2208 excitat
712 2159 741 2209 et
764 2158 848 2208 sonat
871 2150 964 2208 unctis

79 2231 239 2310 striglibus
263 2241 292 2290 et
314 2231 402 2310 pleno
428 2233 574 2310 componit
594 2233 682 2292 lintea
704 2233 804 2310 gutta!

79 2308 162 2376 llaec
184 2318 259 2375 inter
279 2333 388 2393 pueros
411 2317 491 2376 varie
512 2325 721 2395 properantur:
746 2325 774 2374 at
795 2316 845 2375 ille

79 2401 139 2459 lam
159 2399 244 2458 sedet
266 2401 293 2458 in
316 2402 378 2478 ripa
401 2408 568 2479 tetrumque
589 2398 719 2459 novicius
742 2399 844 2458 horret
1025 2411 1075 2465 265

79 2484 251 2558 Porthmea,
275 2501 330 2544 uec
353 2493 453 2562 sperat
477 2486 597 2557 coenosi
620 2483 744 2561 gurgitis
766 2482 860 2542 alnum

79 2567 206 2643 Infelix,
230 2585 285 2627 nec
308 2567 395 2629 habet
419 2587 504 2647 quem
527 2569 657 2647 porrigat
678 2585 730 2626 cre
750 2568 893 2626 trientem.

122 2650 252 2730 Respice
272 2669 348 2711 nunc
371 2653 427 2712 alia
449 2672 484 2713 ac
507 2655 621 2715 diversa
643 2651 774 2732 pericula
797 2652 906 2711 noctis:

81 2733 168 2808 Quod
191 2736 314 2813 spatium
335 2738 422 2795 tectis
445 2735 631 2811 sublimibus,
659 2734 734 2795 unde
758 2736 909 2796 cerebrum

81 2818 170 2879 Testa
193 2819 276 2894 ferit,
301 2821 417 2899 quoties
441 2821 547 2880 rimosa
565 2829 593 2880 et
616 2827 695 2879 curta
719 2819 855 2879 fenestris
1023 2831 1075 2883 27⁰

5 2955 6 2970 ,
81 2903 159 2962 Vasa
180 2903 300 2970 cadunt;
324 2913 430 2982 quanto
453 2921 622 2982 percussum
644 2903 777 2982 pondere
800 2906 915 2981 signent

80 2985 117 3047 Et
134 2987 250 3048 laedant
269 2988 390 3048 silicem.
436 2986 536 3047 Possis
558 2990 678 3066 ignavus
703 2987 802 3047 haberi
837 3059 839 3064 ι

82 3071 118 3130 Et
139 3071 226 3131 subiti
249 3089 334 3132 casus
358 3071 552 3149 improvidus,
576 3071 612 3131 ad
635 3088 756 3146 coenam
776 3074 800 3130 si

81 3154 235 3214 lntestatus
256 3173 322 3224 eas;
346 3155 420 3215 adeo
444 3164 485 3214 tot
509 3155 582 3231 fata,
608 3166 678 3234 quot
702 3156 749 3216 illa

55 3301 61 3312 ,
82 3238 173 3299 Nocte
192 3248 292 3318 patent
314 3239 420 3316 vigiles
443 3249 472 3299 te
493 3248 700 3318 praetereunte
721 3241 879 3302 fenestrae.
1021 3248 1073 3302 275

83 3321 159 3400 Ergo
181 3333 267 3402 optes
288 3331 446 3402 votumque
469 3323 548 3382 feras
569 3323 735 3384 miserabile
756 3334 862 3402 tecum,

83 3405 117 3466 Ut
137 3408 194 3466 sint
215 3416 370 3467 contentae
393 3407 507 3486 patulas
531 3407 690 3468 defundere
714 3408 826 3487 pelves.

83 3489 183 3550 llbrius
207 3509 242 3550 ac
260 3484 413 3569 petulans,
436 3492 484 3569 qui
507 3492 615 3552 nullum
636 3493 712 3552 forte
734 3493 850 3568 cecidit,

122 3594 176 3634 rou.
193 3596 254 3634 aar.
875 3585 892 3636 2
