2392 3888
255 204 594 268 EPIGRAMMATON
607 205 681 267 LIII.
697 207 776 270 VIII.
976 207 1040 272 17⁹

124 358 158 419 In
175 378 235 438 quo
248 377 306 418 nec
322 329 438 417 Itoreor
453 358 519 435 ipse
536 375 661 416 manere
675 356 759 419 velit.

79 443 133 504 Sic
148 442 289 502 habiture
304 443 392 501 iubes
407 448 544 501 veterem
560 440 696 500 crudelis
711 443 860 502 amioum?

122 527 254 586 Arboris
269 543 343 605 ergo
360 532 430 585 tuae
444 525 541 584 tutior
557 526 670 604 hospes
685 544 748 585 ero.

363 682 366 688 ’
482 659 549 719 XV.

79 775 159 833 Dum
173 791 251 832 novo
265 771 434 830 Pannonici
448 777 632 829 numeratur
641 768 739 848 glorio
753 772 830 834 belli

125 856 231 916 0mnis
247 862 280 915 et
297 853 335 914 ed
350 851 507 914 Reducem
524 853 596 913 dum
608 853 679 913 litut
693 874 745 914 eru
758 856 875 936 Iovem,

80 939 141 1000 nat
157 937 306 1020 populus,
330 938 383 998 dat
394 944 498 1016 gratus
514 954 626 1015 eques,
649 936 702 997 dut
716 944 785 998 turs
800 949 924 1002 senatus

122 1026 164 1084 nt
178 1024 279 1083 ditent
292 1022 395 1082 Latius
411 1023 505 1082 tertie
519 1021 599 1080 dono
614 1021 728 1089 tribus3
747 1084 750 1088 ,
830 1065 840 1086 .

56 1109 152 1170 5Hos
168 1124 290 1186 quoque
306 1112 445 1167 secretos
457 1105 640 1164 memorabit
653 1105 750 1165 Rome
763 1109 953 1190 triumphos,

123 1192 188 1252 Nec
206 1192 307 1250 miuor
320 1191 379 1250 istu
394 1195 466 1249 tuae
480 1187 587 1248 loures
601 1189 685 1267 pecIs
700 1192 776 1268 erit,

82 1274 173 1352 Quod
187 1275 245 1335 tihi
258 1273 297 1333 de
313 1278 418 1334 sanctu
433 1272 535 1334 credis
548 1272 667 1353 pietate
681 1279 812 1336 tuorum.

124 1358 279 1439 Principis
295 1364 344 1417 est
360 1358 457 1418 virtus
473 1358 615 1433 marimo,
634 1375 726 1417 nosse
743 1378 822 1419 suos.
839 1349 843 1358 ’

476 1491 556 1552 XVI.

80 1607 186 1666 Pistor
202 1604 254 1683 qui
268 1603 372 1663 fueras
387 1603 459 1680 diu,
480 1603 619 1682 cypere,
727 1591 736 1626 ’·

81 1691 196 1751 Guneus
213 1706 293 1747 nuuc
309 1688 372 1766 ugit
389 1695 422 1748 et
437 1686 555 1746 ducena
571 1686 708 1764 quaeris:

81 1773 145 1834 Sed
164 1773 316 1842 consumis
331 1777 474 1851 eiusque
489 1770 645 1830 mutuaris.

79 1859 107 1918 A
123 1857 259 1938 pistore,
281 1856 420 1935 cypere,
442 1874 504 1914 uon
517 1852 656 1913 recedis:

56 1942 124 2003 oEt
138 1958 250 2021 penem
267 1939 343 1998 iacis
357 1946 390 2020 et
403 1940 480 2014 fucis
494 1939 632 1997 farinam.

468 2087 562 2150 XVII.

80 2203 157 2282 Egi,
179 2202 293 2277 Sexte,
316 2206 414 2278 tuam,
435 2207 543 2281 pactus
558 2199 617 2260 duo
633 2199 732 2277 milio,
755 2219 884 2259 causam.

125 2285 241 2345 Misisti
256 2303 394 2344 nummos
411 2283 493 2362 quod
510 2285 585 2343 mihi
601 2282 704 2360 mille,
726 2281 887 2362 quidest?

81 2369 243 2447 „Narranti
257 2365 358 2426 nihil“
379 2368 481 2461 inquis
498 2374 554 2444 „et
569 2369 590 2425 o
599 2374 631 2426 te
647 2366 770 2447 perdita
784 2383 873 2425 cause
888 2362 970 2424 est.“

125 2451 227 2512 'Iunto
241 2449 312 2531 plus
328 2450 440 2529 debes,
463 2452 573 2528 Sexte,
596 2451 678 2530 quod
694 2451 813 2511 erubui.

469 2585 575 2649 XVIII.

83 2699 117 2760 Si
133 2707 202 2777 tua,
222 2699 354 2776 Cyreni,
375 2717 497 2776 promes
513 2701 732 2779 epigrammata
745 2696 851 2776 volgo,

72 2817 75 2822 ·
123 2781 183 2845 vel
198 2800 316 2842 mecum
330 2783 446 2861 possIs,
468 2781 518 2842 vel
532 2783 619 2861 prior
633 2785 700 2863 ipse
714 2781 788 2860 legi.

82 2865 146 2927 Sed
163 2867 220 2926 tihi
234 2872 338 2926 tentus
353 2867 434 2925 inest
447 2868 562 2932 veteris
578 2872 739 2945 respectus
755 2863 859 2941 amici,

126 2951 235 3011 Carior
249 2955 283 3009 ut
298 2968 366 3009 meo
380 2951 438 3026 sit,
462 2970 550 3029 quum
566 2956 618 3009 tun
632 2949 712 3008 inmo
725 2949 791 3008 tihi.

55 3034 132 3097 usic
148 3034 237 3095 Maro
252 3051 310 3094 nec
326 3031 449 3094 Calabri
463 3034 624 3113 temptavit
639 3034 772 3093 carmine
783 3029 905 3108 Flacci,

122 3117 304 3178 Pindaricos
319 3124 426 3177 nosset
440 3137 507 3180 cum
522 3135 670 3196 superero
685 3115 809 3194 modos,

78 3204 121 3264 Et
135 3201 231 3263 Vario
246 3203 341 3262 cessit
354 3202 483 3262 Romani
496 3199 589 3262 laude
605 3202 764 3278 cothurni,

123 3286 199 3346 Cum
215 3293 323 3366 ponset
337 3287 453 3364 tragico
469 3287 580 3346 fortius
596 3304 650 3346 ore
665 3284 761 3364 loqui.

79 3372 197 3430 Aurum
214 3377 246 3430 et
261 3388 336 3450 opes
351 3375 384 3428 et
397 3389 470 3429 rura
484 3371 634 3450 frequens
649 3367 776 3428 donabit
790 3365 918 3425 amicus:

35 3468 69 3520 10
120 3455 181 3531 Qui
198 3453 274 3514 velit
290 3455 412 3532 ingenio
430 3452 564 3532 cedere,
585 3471 674 3512 rarus
688 3453 759 3513 erit.

764 3531 828 3592 ln*
