2392 3888
283 257 622 340 EPIGRAMMATON
635 259 710 324 LlB.
728 261 793 325 vli.

490 460 585 526 XCV.

104 575 219 634 Bruma
233 579 282 634 eat
295 579 329 634 et
342 574 425 652 riget
438 573 583 634 horridus
600 575 789 657 December,
889 622 893 630 ,

103 656 212 718 Audes
223 663 257 718 tu
271 663 375 716 tomen
390 655 496 717 osculo
511 657 605 718 nivali

105 742 220 802 Omnes
236 741 341 801 obvius
355 740 428 799 hinc
444 748 477 800 et
490 741 563 800 binc
577 749 704 820 tenere,

103 825 148 884 Et
162 831 273 903 totam,
295 825 391 902 Line,
412 825 533 885 basiare
547 825 682 887 Romam.

80 907 188 984 {aquid
201 909 300 987 possis
318 908 498 986 graviusque
513 911 694 989 saeviusque

102 991 272 1051 Percussus
285 991 391 1051 facere
406 997 498 1070 etque
513 993 716 1055 verberatus?

104 1075 174 1134 Hoc
189 1092 238 1134 me
254 1075 372 1153 frigore
388 1075 488 1134 basiet
500 1093 560 1134 nec
572 1095 663 1149 uxor,

102 1156 228 1218 Blandis
242 1157 307 1218 iilia
320 1176 380 1219 nec
395 1157 482 1217 rudis
499 1155 631 1220 labellis.

102 1240 167 1302 Sed
183 1247 217 1301 tu
233 1240 352 1301 dulcior
367 1239 618 1320 elegantiusque,

56 1338 95 1390 lo
102 1325 196 1385 Cuius
210 1322 306 1385 livida
318 1326 444 1384 neribus
461 1326 578 1385 caninis

100 1407 267 1488 Dependet
280 1405 395 1487 glucies
409 1409 553 1488 rigetque
567 1409 678 1487 barbo,

102 1490 231 1570 Quolem
246 1492 407 1552 forficibus
422 1492 511 1551 metit
526 1493 644 1572 supinis

10 1633 13 1638 .
101 1577 225 1636 Tonsor
239 1576 392 1656 cinyphio
408 1573 490 1636 cilix
502 1577 622 1637 marito.

101 1660 235 1720 Centum
249 1677 415 1719 occurrere
430 1657 509 1718 mulo
525 1659 726 1742 eunnilingis‚

53 1744 139 1807 15idt
154 1740 277 1805 Gallum
292 1745 386 1803 timeo
401 1745 501 1802 minus
516 1750 685 1808 recentem.

11 1873 13 1896 ‚
100 1828 203 1904 Quare
217 1828 243 1887 si
258 1828 315 1886 tibi
333 1845 441 1887 sensus
457 1832 506 1886 est
519 1825 698 1908 pudorque,

10 1949 13 1982 -ς
97 1911 271 1989 Hibernos,
292 1909 388 1989 Line,
409 1912 615 1989 basiationes,

13 2033 15 2056 .
96 1995 131 2054 ln
146 2013 283 2055 mensem
297 2013 373 2075 rogo
389 1993 516 2055 dliieroa
530 1995 682 2075 Aprilem.

500 2129 607 2190 xcvi.

11 2235 14 2241 ’
96 2238 249 2300 Gouditua
263 2241 315 2300 bic
329 2259 386 2320 ego
402 2261 469 2300 sum
482 2241 568 2301 Roasi
583 2240 690 2320 dolor,
711 2243 845 2312 Urbicus
860 2244 978 2322 inicus,

141 2324 200 2383 eui
215 2341 311 2402 genua
326 2332 360 2385 et
375 2343 488 2384 nomen
504 2325 632 2384 maxima
646 2325 743 2385 Roma
758 2324 855 2386 dedit.

12 2396 20 2410 ‘'
95 2407 160 2468 Sex
173 2409 248 2467 inibi
265 2406 304 2468 de
319 2410 418 2489 primu
433 2404 564 2468 deerant
577 2407 743 2470 trieteride
758 2428 897 2488 menses,

138 2491 302 2572 Ruperunt
315 2495 447 2552 tetricae
463 2512 530 2551 cum
544 2491 622 2551 mala
636 2511 732 2572 penso
747 2492 833 2557 deae.

70 2572 183 2653 5Quid
198 2576 336 2655 speeies,
359 2575 433 2654 quid
448 2574 551 2655 lingua
565 2576 657 2654 mihi,
681 2577 755 2656 quid
769 2579 889 2659 profuit
908 2579 1014 2640 aetas?

138 2659 185 2718 Da
198 2657 339 2722 lacrimas
354 2657 487 2737 tumulo,
511 2661 564 2738 qui
578 2649 658 2739 legis
672 2662 748 2741 isto,
769 2681 848 2725 meo.

92 2741 148 2804 Sic
163 2740 203 2802 ad
218 2742 388 2821 Lethaeas,
410 2744 470 2803 nisi
483 2742 617 2803 Nestore
633 2746 748 2821 serius,
769 2745 864 2806 undss

11 2822 30 2850 ψ
137 2825 207 2886 Non
225 2835 292 2906 eat,
313 2829 433 2908 optabis
449 2845 538 2907 quem
556 2845 720 2906 superesse
734 2831 802 2892 tibi.

11 2963 22 3020 i.
471 2963 592 3025 xcvii.

26 3114 36 3183 ἦ.
90 3073 184 3135 Nosti
199 3073 225 3133 si
240 3074 321 3135 bene
336 3072 495 3152 Caesium,
517 3072 644 3152 libelle,

15 3174 18 3204 ⁷
34 3153 36 3158 ’
88 3157 263 3220 Montanae
279 3155 373 3217 decus
387 3158 534 3218 Umbriae
550 3159 711 3238 Sabinum,

88 3238 167 3302 Auli
181 3241 367 3321 municipem
380 3243 442 3303 mei
457 3241 624 3321 Pudentis,

87 3323 143 3386 Illi
157 3330 192 3384 tu
207 3323 294 3385 dabis
307 3326 386 3386 baec
400 3324 451 3386 vel
467 3332 625 3406 occupato.

64 3410 216 3471 binstent
227 3407 312 3469 mille
326 3407 404 3480 licet
419 3417 625 3490 premuntque
641 3428 749 3487 curae,

12 3471 38 3599 ’ἔ
85 3493 215 3554 Nostris
230 3495 415 3554 carminibus
430 3501 532 3554 tamen
546 3495 675 3556 vacabit.
