2392 3888
157 211 219 274 loo
478 207 522 268 Μ.
540 205 630 267 VAL.
647 203 874 264 MARTIALIS

506 369 509 374 ’
627 405 733 468 anu.

240 523 299 599 Qui
315 528 423 582 tonsor
436 525 503 580 tota
516 519 620 578 luem
635 517 812 577 notissimus
825 519 919 596 urbe,

280 607 322 665 nt
341 604 486 685 posthoc
502 601 642 662 dominae
658 619 786 660 munere
801 600 900 661 iactus
915 619 1028 681 eques,

241 689 377 750 Sicanias
392 688 486 747 nrbes
500 686 700 763 Aetnaeaque
715 703 811 762 regna
825 686 948 764 petisti,

282 774 447 848 cinnamo,
466 790 534 830 cum
549 770 674 848 lugeres
689 769 791 827 tristia
804 768 872 827 iura
887 769 956 828 fori.

218 859 314 934 δραι,
324 874 405 914 nunc
420 860 487 914 arte
501 872 609 932 graves
624 850 772 911 tolerabis
784 851 903 911 inutilis
917 855 1035 913 annos?

283 936 364 1016 Quid
378 937 453 998 facit
468 936 578 998 infelix
593 942 625 996 et
636 935 763 1012 fugitiva
779 935 888 1013 quies?
915 964 919 972 -

241 1024 311 1084 Non
325 1023 451 1100 rhetor,
473 1040 535 1081 non
550 1020 762 1098 grammaticus
777 1017 882 1079 ludive
899 1020 1066 1099 maffistcr,

204 1131 208 1140 ·
282 1107 351 1166 Non
367 1106 516 1185 Cynicus,
537 1122 601 1164 non
614 1109 648 1162 tu
663 1102 785 1162 Stoicus
800 1121 869 1163 esse
884 1111 990 1185 potes,

240 1189 389 1253 Vendere
404 1207 463 1248 nee
476 1207 582 1247 vocem
597 1185 710 1246 Siculis
724 1184 926 1267 plausumque
944 1188 1091 1249 theatris:

200 1285 234 1336 lo
282 1269 372 1349 Quod
387 1278 545 1351 superest,
565 1272 696 1346 iterum,
719 1269 884 1350 Ginname,
905 1278 1015 1332 tonsor
1030 1274 1098 1334 eris.

630 1402 722 1465 LXV.

239 1519 293 1578 Lis
308 1521 341 1576 tc
359 1516 406 1575 bis
423 1509 560 1574 decimae
574 1523 785 1576 numerantem
801 1517 917 1601 frigora
932 1518 1062 1578 brumae

283 1600 429 1661 Conterit
445 1618 505 1657 una
518 1599 636 1678 tribus,
658 1598 851 1679 Gargiliane,
873 1601 958 1661 foris.
979 1595 986 1614 ‘

240 1685 290 1745 Ah
302 1684 397 1742 miser
412 1688 445 1742 et
460 1680 601 1741 demens!
623 1684 732 1761 viginti
746 1681 850 1762 litigat
865 1685 950 1743 annis

282 1766 466 1844 Quisquam,
489 1766 538 1824 cni
554 1767 651 1844 vinci,
674 1766 868 1846 Gargilium,
890 1766 989 1826 licet?

571 1945 581 1962 ·
626 1914 732 1977 LXVI.

238 2025 399 2088 Heredem
412 2026 525 2087 Fabius
539 2027 708 2088 Labienum
724 2045 762 2086 ex
775 2045 843 2086 asse
861 2025 1006 2106 reliquit:

280 2109 356 2170 Plus
372 2109 522 2171 meruisse
536 2117 639 2171 tamen
654 2131 688 2171 se
702 2110 856 2170 Labienus
871 2111 922 2172 ait.

618 2245 736 2307 LXVII.

237 2358 282 2419 Pa
304 2357 387 2417 dicat
399 2374 514 2436 pueros
528 2357 626 2416 tribas
641 2354 799 2416 Philaenis

238 2375 449 2518 Etlentigine
463 2440 583 2500 saevior
597 2441 700 2500 mariti

238 2522 388 2584 Undenas
401 2525 533 2583 voratio
549 2521 599 2583 die
612 2521 740 2603 puellas.

211 2633 218 2652 ι
238 2607 392 2686 Harpasto
408 2625 530 2685 qnoque
544 2605 695 2685 subligata
706 2605 787 2667 ludit

217 2690 562 2770 catervamque,
579 2708 748 2770 gravesque
764 2689 884 2750 draucis

239 2774 385 2844 Halteras
403 2771 488 2834 facili
504 2773 737 2852 rotat-lacerto,

239 2859 281 2918 llt
296 2859 381 2939 putri
394 2856 548 2918 lutulenta
563 2857 602 2917 de
615 2857 770 2938 palaestra
876 2871 881 2882 ·

239 2941 334 3003 Uncti
349 2944 480 3002 verbere
494 2939 617 3022 vapulat
630 2943 784 3020 magistri:

237 3023 303 3084 Nee
318 3032 409 3085 cenat
422 3027 509 3104 prius
525 3031 576 3084 aut
591 3027 744 3085 recumbit
758 3029 844 3102 ante,

198 3109 332 3184 10Quam
345 3113 464 3187 septem
479 3111 594 3169 vomuit
607 3128 709 3169 meros
723 3107 880 3192 deuncem

237 3191 287 3252 Ad
301 3211 377 3270 quos
393 3192 439 3251 tas
456 3193 515 3252 sibi
529 3200 603 3252 tunc
617 3198 706 3273 putat
719 3191 851 3269 reverti,

237 3276 314 3338 cum
329 3275 463 3356 coliphia
476 3274 611 3336 sedecim
626 3275 769 3338 eomedit.

236 3358 314 3418 Post
327 3360 405 3419 haec
420 3360 521 3418 omnia
535 3378 603 3419 cum
616 3359 813 3436 libidinatur,

236 3439 305 3499 Νοιι
317 3439 410 3500 fellat
422 3475 465 3485 —-
478 3448 567 3520 putat
581 3443 640 3501 hoc
652 3462 761 3521 parum
774 3439 866 3503 virile
884 3473 937 3518 -η
