2392 3888
115 127 178 194 1³6
436 127 482 188 Μ.
498 125 591 189 VAL.
608 123 833 188 nunninus

569 326 706 391 XXXIX.

199 446 294 506 Pater
309 464 348 505 ex
362 442 515 523 Marulla,
538 443 652 523 Cinna,
673 445 824 506 iactus'es
840 453 960 528 septem

199 530 268 590 Non
281 528 463 590 liberorum:
485 547 616 606 namque
632 548 690 590 nec
704 536 775 590 tuus
788 531 965 610 qnisquam,

200 613 266 673 Nec
280 621 328 674 est
341 607 432 673 amici
443 610 563 673 filiusve
577 615 686 691 vicini,

202 696 265 759 Sed
279 698 311 758 in
326 696 460 776 grabatis
474 698 693 777 tegetibusque
709 700 852 779 concepti

176 769 343 845 bilaterna
356 778 492 860 produnt
505 782 655 860 capitibus
670 781 733 841 suia
748 781 837 842 lucta.

200 865 275 943 Hic,
298 866 350 944 qui
364 870 484 924 retorto
500 865 586 925 crine
601 865 728 926 Maurus
742 863 875 942 incedit,

201 946 346 1009 Subolem
361 949 477 1008 latetur
491 965 560 1008 esse
575 966 610 1009 se
624 949 691 1010 coci
706 944 845 1010 Santrae.

201 1032 243 1092 At
257 1030 312 1092 ille
327 1035 402 1093 sima
415 1049 508 1109 nare,
529 1030 661 1110 turgidis
675 1030 789 1109 labris,

200 1116 269 1195 lpsa
283 1121 333 1176 est
345 1117 444 1194 imago
459 1113 618 1194 Pannychi
631 1113 840 1196 palaestritae.

159 1198 331 1263 loPistoris
345 1217 415 1259 essc
429 1200 556 1258 tertium
573 1201 642 1278 quis
656 1200 797 1278 ignorat,

202 1283 383 1361 Quicunque
396 1280 513 1360 lippum
528 1285 614 1342 norit
627 1289 661 1343 et
674 1281 760 1342 videt
773 1280 920 1342 Damam?

202 1367 335 1442 Quartus
350 1362 477 1425 cinaeda
491 1364 613 1444 fronte,
635 1365 766 1426 candido
779 1361 880 1443 uoltu,
960 1403 967 1414 ·

200 1451 247 1511 Ex
261 1450 431 1511 concubino
446 1455 535 1508 natus
549 1456 598 1510 est
612 1451 670 1510 tibi
681 1448 805 1530 Lygdo:

200 1533 334 1595 Percide
349 1535 374 1594 si
390 1534 453 1610 vis,
473 1531 586 1592 fllium:
609 1533 696 1594 nefas
709 1553 772 1593 non
787 1538 844 1593 eat.

160 1627 192 1679 15
200 1618 291 1677 Hunc
305 1635 379 1678 vero
394 1620 483 1677 acuto
499 1619 600 1698 cupite
617 1623 652 1682 et
664 1617 787 1677 auribus
801 1614 922 1695 longia,

201 1701 285 1777 Quae
300 1702 345 1761 sic
359 1705 537 1780 moventur,
559 1707 594 1761 ut
608 1699 712 1761 solent
728 1698 908 1777 ocellorum,

202 1785 277 1860 Quis
291 1785 438 1845 morionis
452 1781 550 1844 filium
563 1791 657 1863 negat
672 1783 809 1864 Cyrtae?

201 1868 286 1928 Duae
301 1886 442 1945 sorores,
463 1867 515 1928 illu
529 1870 616 1948 nigra
630 1867 853 1944 ethaeorum,

158 2028 160 2032 .
202 1952 291 2012 croti
307 1948 470 2012 choraulae
484 1950 629 2032 vilicique
644 1945 715 2012 sdnt
729 1952 832 2032 Carpi.

158 2036 322 2114 nolamque
337 2032 528 2097 bibridarum
542 2054 617 2116 grex
631 2036 689 2096 tibi
701 2035 786 2095 foret
799 2032 929 2115 plenus,

202 2118 236 2179 Si
250 2118 344 2218 spado
360 2120 496 2180 Coresus
512 2118 745 2199 Dindymusque
758 2137 820 2179 non
836 2123 928 2178 esset.

605 2283 670 2344 XL.

201 2398 330 2460 Femina
343 2401 498 2480 praeferri
513 2401 616 2479 potuit
629 2400 687 2460 tibi
700 2397 803 2477 nulla,
823 2398 951 2477 Lycori=

243 2482 403 2542 Praeferri
418 2482 571 2562 Glycerae
584 2483 699 2544 lomina
712 2482 798 2543 nulla
810 2488 923 2563 potest.

201 2565 289 2625 Haec
303 2567 364 2625 erit
374 2567 434 2627 hoc
446 2566 529 2646 quod
542 2573 591 2626 tu:
606 2574 640 2628 tu
655 2585 716 2626 non
730 2573 820 2647 potes
832 2583 902 2626 esse
914 2561 998 2644 quod
1007 2565 1085 2628 haec
1100 2569 1144 2624 est

244 2648 400 2730 Tempora
414 2649 490 2730 qnid
504 2651 635 2712 faciunt!
657 2651 736 2712 hanc
749 2648 838 2728 volo,
858 2656 891 2710 te
903 2647 995 2712 volui.

605 2812 683 2873 xur.
700 2797 705 2808 “

202 2927 261 3003 Qui
274 2927 388 2986 recitat
401 2926 472 2988 lana
485 2927 592 2988 lauces
607 2935 640 2988 et
654 2894 736 2988 colla
750 2928 923 3007 revinctus,

243 3009 303 3070 Hic
318 3027 352 3070 sc
365 3027 458 3091 posse
471 3012 573 3090 loqui,
595 3029 688 3093 posse
703 3018 809 3072 tacere
822 3017 923 3089 negat·

536 3181 548 3200 ·
590 3171 680 3236 XLlL

199 3281 325 3340 Etrusci
338 3283 398 3342 nial
410 3249 574 3343 thermulis
588 3282 715 3364 lavaris,

123 3365 124 3368 ’
152 3455 155 3460 ¹
200 3361 308 3422 illotus
322 3365 481 3443 morieris,
504 3365 653 3446 Oppianc.
