2426 3900
478 264 522 326 ιιι.
538 264 628 326 ιιι.
644 225 870 324 hirenus

237 417 306 479 Una
318 413 470 476 lavamur:
491 416 601 495 aspicit
616 413 695 475 nihil
711 435 831 493 susum,

237 499 300 561 Sed
316 505 437 580 spectat
452 497 550 560 oculis
567 500 784 561 devorantibus
801 497 930 560 draucos

237 585 303 645 Nec
318 584 426 643 otiosis
441 582 594 643 mentulas
608 582 693 643 videt
706 581 813 644 labris.

238 667 369 746 Quaeris
385 667 453 746 quir
471 668 523 726 hio
538 667 604 727 sit?
634 664 758 728 Excidit
775 666 849 725 mihi
865 684 986 727 nomeu.

614 799 733 861 xcvii.

239 914 317 975 Uum
332 909 462 971 clamant
480 929 601 989 omnes,
623 909 762 988 loqueris
779 916 869 990 tuuc,
891 910 1048 993 Naevole,
1071 920 1190 994 tanturn,

278 997 321 1057 ist
334 1002 545 1076 tepatronum
560 993 808 1073 causidicumque
826 1001 925 1075 putas.

238 1082 305 1141 Hac
320 1081 441 1138 ratione
456 1085 562 1159 potest
578 1095 668 1137 nemo
685 1095 745 1138 non
761 1096 831 1138 esse
847 1078 991 1142 disertus.

279 1165 381 1241 Ecce,
400 1168 506 1222 tacent
520 1179 643 1222 omnes:
662 1159 817 1241 Naevole,
841 1162 891 1223 dio
905 1161 1032 1244 aliquid.

605 1268 742 1358 ιιοιιιιι.

238 1411 356 1488 Litigat
370 1413 403 1468 et
416 1406 552 1489 podagra
569 1407 737 1487 Diodorus,
759 1407 891 1488 Flacce,
908 1409 1042 1476 laborat.

282 1493 344 1554 Sed
364 1490 410 1553 nil
424 1499 556 1573 patrono
571 1492 718 1572 porrigit:
742 1491 818 1553 haec
832 1494 980 1574 cheragra
995 1502 1056 1559 eat.

624 1640 731 1701 xcix,

237 1754 306 1814 Nou
319 1751 444 1834 plenum
462 1752 552 1813 modo
567 1754 683 1814 viciens
697 1753 851 1834 habebas,

240 1836 303 1897 Sed
316 1843 379 1896 tam
394 1835 542 1916 prodigus
557 1844 649 1918 atque
664 1837 806 1899 liberalis

236 1921 279 1983 Et
292 1927 354 1980 tam
367 1917 468 1982 lautus
483 1939 571 1999 eras,
595 1922 729 2000 Calene,
752 1929 787 1983 ut
801 1941 907 1984 omnes

239 2003 392 2085 Optarent
405 2006 463 2065 tibi
478 2007 619 2067 centiens
634 2007 730 2066 amici.

217 2088 338 2151 thudit
351 2095 421 2149 vota
437 2088 513 2149 deus
527 2107 700 2168 precesque
715 2096 837 2151 nostrus

238 2173 342 2254 Atque
357 2175 457 2252 intre,
479 2179 570 2253 puto,
591 2175 738 2253 septimas
752 2171 908 2234 Kalendas

238 2258 362 2318 Mortes
374 2258 435 2318 hoo
449 2259 507 2319 tibi
523 2262 667 2337 quattuor
684 2254 848 2320 dederunt.

239 2343 282 2403 At
296 2347 329 2401 tu
344 2343 389 2402 sic
404 2342 490 2420 quasi
504 2361 566 2426 non
580 2341 665 2403 foret
678 2339 838 2420 relictum,

237 2424 301 2485 Sed
317 2431 437 2506 raptum
453 2426 511 2486 tibi
526 2426 685 2503 centiens,
705 2426 796 2485 abisti

195 2509 270 2572 loha
285 2513 400 2567 tantam
414 2509 508 2567 miser
523 2510 741 2587 esuritionem,

237 2591 282 2651 Ut
297 2591 433 2650 convivia
450 2592 691 2670 sumptuosiora,

239 2673 320 2734 Toto
337 2692 414 2753 quae
430 2673 527 2734 semel
543 2694 671 2755 apparas
686 2677 719 2734 in
734 2694 830 2752 anno,

237 2757 351 2836 Nigrae
367 2756 509 2818 sordibus
525 2757 661 2839 explices
676 2767 834 2836 monetae,

236 2842 278 2904 Et
293 2848 413 2922 septem
426 2850 551 2904 veteres
565 2845 611 2904 tui
626 2841 748 2903 sodales

196 2925 423 2988 recondemur
435 2927 494 2986 tibi
506 2925 649 3007 plumbea
665 2925 790 2987 selibra.

239 3008 319 3085 Quid
334 3008 459 3088 dignum
473 3012 593 3071 meritis
608 3028 772 3091 precemur
785 3009 877 3070 istis?

239 3093 386 3172 Optamus
400 3094 459 3153 tibi
472 3091 611 3168 miliens,
635 3093 759 3155 Calene.

129 3197 133 3208 ·
238 3178 307 3238 Hoc
322 3179 349 3237 si
362 3178 545 3256 contigerit,
566 3178 647 3238 fame
661 3179 789 3258 peribis.

657 3312 692 3372 0.

240 3423 388 3485 Mammas
404 3428 496 3501 atque
510 3427 589 3482 tatas
603 3420 698 3480 habet
712 3421 805 3498 Aha,
828 3418 884 3480 sed
895 3421 962 3500 ipsa
974 3426 1117 3482 tatarum

283 3507 351 3566 Dici
369 3512 402 3566 et
414 3524 609 3565 mammarum
624 3505 752 3564 maxima
767 3520 894 3563 mamma
909 3508 1023 3583 potest.
