2500 3912
428 205 554 252 SATIRA
573 206 619 252 vt.

68 349 153 426 Atque
173 347 276 406 eadem
300 345 399 406 scrofa
422 343 518 404 Niobe
541 345 694 405 fecundior
717 345 792 404 alba.

68 431 141 505 Quae
162 431 230 490 tanti
252 431 398 507 gravitas,
421 447 497 507 quae
520 429 628 505 forma,
655 439 683 488 ut
705 448 738 488 se
761 429 812 489 tibi
836 447 953 509 semper

67 511 197 592 lmputetl
221 513 304 573 huius
326 514 401 572 enim
423 514 481 572 rari
503 515 661 591 summique
684 513 820 592 voluptas

67 597 141 658 Nulla
164 597 249 674 boni,
278 599 392 676 quoties
416 598 510 657 animo
538 607 674 676 corrupta
694 596 823 676 superbo
992 609 1043 664 180

67 683 123 740 Plus
152 683 233 743 aloes
268 699 352 758 quam
373 680 469 741 mellis
492 679 589 740 habet.
631 681 703 754 Quis
724 681 839 742 deditus
862 692 958 743 autem

66 764 153 844 Usque
174 765 249 825 adeo
275 774 337 840 est,
363 774 394 824 ut
417 782 474 824 non
497 765 591 840 illam,
618 783 702 843 quam
724 765 857 826 laudibus
881 768 977 844 effert,

66 849 177 910 Horrcat
196 850 284 929 inque
306 849 382 908 diem
403 851 535 926 septenis
558 849 653 909 oderit
676 845 779 909 horis?

67 931 199 1003 Quaedam
221 949 312 1012 parva
333 931 466 1011 quidem,
490 932 545 992 sed
566 950 624 992 non
644 934 796 994 toleranda
818 936 936 994 maritis.

66 1015 127 1074 Nem
148 1016 213 1095 qnid
235 1017 398 1093 rancidius,
422 1035 507 1095 quam
528 1017 606 1094 quod
630 1035 664 1075 se
686 1033 743 1075 non
764 1027 845 1095 putat
867 1017 926 1077 ulla
992 1029 1042 1082 185

66 1098 233 1176 Formosam,
259 1101 317 1160 nisi
343 1118 418 1178 quae
440 1099 477 1160 de
501 1098 596 1160 Tusca
621 1098 764 1160 Graecula
786 1101 863 1161 facta
886 1111 941 1178 est,

65 1182 103 1241 lle
123 1184 303 1243 Sulmonensi
324 1202 403 1244 mera
425 1181 590 1262 Cecropis?
613 1186 708 1244 omnia
730 1203 850 1263 graece,

67 1265 149 1342 Quum
167 1269 202 1326 sit
223 1276 309 1347 turpe
330 1268 422 1345 magis
446 1269 554 1328 nostris
574 1269 690 1328 nescire
713 1269 810 1329 latine.

66 1349 119 1409 lloc
139 1368 271 1411 sermone
297 1361 420 1430 pavent,
444 1353 502 1412 hoc
525 1353 611 1429 iram,
634 1353 755 1430 gaudia,
780 1372 875 1426 curas,

65 1433 119 1493 lloc
138 1444 235 1496 cuncta
258 1436 408 1496 effundunt
430 1437 514 1496 animi
536 1445 667 1496 secreta:
691 1437 759 1514 quid
781 1435 877 1497 ultra?
992 1447 1042 1501 190

67 1515 250 1578 Concumbunt
271 1538 394 1597 graece.
427 1519 528 1579 Dones
549 1528 646 1580 tamen
668 1521 721 1580 ista
743 1521 865 1597 puellis:

66 1600 134 1662 lune
154 1603 252 1679 etiam,
278 1621 364 1684 quam
387 1612 487 1664 sextus
511 1613 539 1663 et
563 1599 760 1681 octogesimus
786 1622 875 1664 annus

66 1684 163 1764 Pulsat,
186 1688 279 1749 adhuc
303 1684 434 1764 graece?
455 1705 513 1747 non
537 1697 582 1748 est
603 1687 651 1747 hio
674 1705 768 1747 sermo
792 1689 914 1766 pudicus

65 1767 91 1827 ln
111 1770 212 1830 vetula.
252 1770 378 1844 Quoties
404 1771 543 1832 lascivum
566 1773 721 1831 intervenit
744 1770 814 1832 illud

66 1847 124 1930 Ζωὴ
144 1852 192 1914 καὶ
214 1847 313 1934 ψυχή,
337 1857 424 1915 modo
447 1856 500 1915 snb
524 1855 621 1916 lodice
644 1856 755 1916 relictis
990 1867 1039 1920 195

65 1935 148 1996 Uteris
170 1940 197 1997 in
214 1939 315 2008 turba;
341 1940 419 2019 quod
442 1941 517 2000 enim
541 1958 597 2000 non
621 1942 731 1999 excitet
753 1942 859 2016 inguen

65 2019 121 2081 Vox
141 2019 243 2084 blanda
266 2032 299 2083 ct
319 2022 465 2102 nequam?
488 2024 594 2100 digitos
616 2023 720 2092 habam
743 2033 774 2082 ut
793 2032 888 2084 tamen
907 2043 1007 2084 omnes

66 2103 204 2166 Subsident
233 2109 356 2185 pinnac,
380 2108 461 2168 dicas
481 2107 555 2168 haec
577 2108 693 2167 mollius
712 2107 823 2167 Haemo

66 2185 226 2268 Quamquam
249 2200 281 2250 et
304 2189 514 2270 Carpophoro,
541 2191 633 2252 iacies
655 2201 703 2253 tua
726 2200 873 2269 computat
897 2211 996 2254 annos.

101 2272 128 2330 Si
151 2273 199 2333 tibi
221 2275 361 2353 legitimis
383 2285 497 2354 pactam
520 2277 702 2354 iunctamque
725 2274 842 2334 tabellis
990 2288 1041 2338 200

66 2352 122 2413 Non
140 2375 170 2416 es
193 2367 355 2436 amaturus,
380 2359 504 2420 ducendi
526 2361 605 2421 nulla
629 2359 744 2418 videtur

67 2435 165 2517 Causa,
189 2461 244 2503 nec
267 2452 316 2502 est
356 2461 446 2521 quare
471 2460 592 2520 coenam
617 2451 647 2502 et
667 2450 816 2502 mustacea
839 2443 946 2521 perdas

65 2519 176 2585 labente
198 2527 300 2588 officio
323 2526 420 2587 crudis
446 2527 594 2605 donanda,
618 2545 674 2588 uec
697 2525 778 2602 illud,

67 2603 138 2675 Quod
160 2612 248 2688 prima
270 2628 327 2689 pro
348 2619 436 2671 nocte
460 2613 558 2689 datur,
583 2630 668 2691 quum
691 2612 775 2673 lance
797 2609 883 2671 beata

66 2684 174 2752 Dacicus
195 2703 224 2754 et
245 2696 358 2774 scripto
379 2695 472 2755 radiat
493 2695 679 2757 Germanicus
702 2711 783 2757 auro.
988 2707 1039 2760 205

68 2771 93 2829 Si
112 2775 157 2834 tibi
178 2778 348 2858 simplicitas
370 2780 489 2855 uxoria,
512 2780 626 2842 deditus
647 2781 695 2840 uni

68 2851 111 2913 Est
131 2861 249 2939 animus,
274 2864 416 2923 summitte
440 2872 526 2942 caput
550 2866 665 2925 cervice
690 2872 790 2943 parata

67 2933 144 3000 Ferre
164 2944 275 3023 iugum;
299 2946 407 3008 nullam
429 2949 575 3025 invenies,
600 2967 674 3027 quae
697 2956 797 3027 parcat
822 2951 934 3009 amanti.

69 3019 163 3086 Ardent
182 3031 245 3108 ipsa
267 3030 352 3107 licet,
379 3035 529 3092 tormentis
551 3033 659 3111 gaudet
682 3033 801 3092 amantis

71 3099 99 3160 Et
117 3111 226 3186 spoliis;
251 3114 340 3192 igitur
364 3114 452 3192 louge
476 3118 569 3176 minus
590 3117 667 3176 utilis
691 3115 733 3175 illi
987 3129 1038 3180 210

71 3181 152 3268 Uxor,
175 3197 303 3276 quisquis
328 3199 384 3258 erit
405 3200 499 3260 bonus
523 3200 725 3280 optandusque
748 3202 876 3261 maritus.

72 3265 109 3328 Nil
126 3293 250 3357 nmquam
274 3283 361 3342 invita
384 3282 505 3344 donabis
531 3288 673 3362 coniuge,
698 3284 809 3344 vendes

73 3349 121 3414 llac
139 3360 266 3424 obstante
288 3366 375 3444 nihil,
399 3367 485 3444 nihil,
510 3369 584 3430 haec
606 3370 631 3428 si
651 3368 748 3445 nolet,
772 3377 898 3436 emotum

72 3431 136 3498 llaec
154 3444 228 3507 dabit
251 3450 389 3528 affectuS,
413 3451 464 3511 ille
490 3454 660 3514 excludatur
683 3452 791 3512 amicus
851 3535 869 3592 3

105 3541 151 3585 ruv.
170 3549 228 3590 sar.
