2460 3878
117 215 183 280 nso
438 175 837 279 mummsnnams

164 369 345 447 1⁵Qusmvis
358 387 421 428 non
435 367 555 428 modico
573 365 695 429 caleant
708 366 884 449 spectacula
898 368 983 450 sole,

246 451 325 514 Vela
339 451 547 528 reducuntur,
569 471 638 511 cum
651 454 736 513 venit
750 453 975 530 Hermogenes.

203 537 365 598 Festinant
381 535 497 616 trepidi
512 535 725 614 substringere
740 538 866 597 carbasa
879 545 1007 616 nautae,

246 619 296 681 Ad
310 625 433 700 portam
448 620 591 698 quotiens
605 620 709 698 paruit
722 621 947 699 Hermogenes.

203 704 342 783 Linigeri
356 704 478 783 fugiunt
492 701 569 763 calvi
582 704 768 782 sistrataque
782 705 890 779 turba,
1039 775 1044 786 ¹

161 798 196 851 20
244 790 329 849 luter
342 787 506 848 adorantes
521 805 589 846 cum
603 788 692 847 stetit
705 788 931 866 Hermogenes.

204 872 252 932 Ad
268 891 373 933 cenam
388 872 601 949 Hermogenes
616 889 753 951 mappam
770 890 833 931 non
852 869 956 932 attulit
970 891 1129 952 unquam,

247 957 275 1016 A
288 975 365 1016 cena
379 972 502 1034 semper
515 951 641 1014 rettulit
653 955 877 1034 Hermogenes.

594 1117 688 1179 XXX.

205 1234 329 1311 Siccus,
350 1234 471 1295 sobrius
488 1241 537 1294 est
550 1235 651 1314 Aper3
675 1234 748 1313 qnid
764 1231 802 1294 ad
817 1234 890 1295 mei

204 1318 332 1378 Servum
345 1317 389 1412 sic
404 1335 462 1396 ego
478 1317 588 1394 laudo,
609 1335 670 1377 non
686 1319 822 1378 amicum.

583 1464 692 1528 XXXl.

205 1577 273 1637 Hoc
287 1596 411 1655 nemus,
433 1578 466 1638 bi
480 1577 600 1655 tontes,
621 1579 699 1637 baec
713 1575 831 1637 textilis
845 1579 953 1637 umbra
969 1579 1075 1659 supini

247 1659 403 1739 Palmitis,
425 1663 485 1721 boc
499 1662 605 1740 riguae
620 1659 737 1721 ductile
752 1662 865 1720 flumen
881 1679 995 1738 aquae,

203 1745 358 1824 Prataque
372 1762 431 1804 nec
447 1745 548 1805 bifero
563 1764 687 1804 cessura
701 1745 819 1805 rosaria
832 1744 946 1804 Paesto

246 1827 397 1908 Quodque
411 1829 493 1889 viret
507 1830 572 1889 lani
586 1846 709 1906 menae,
732 1847 791 1888 nec
805 1826 889 1906 alget
903 1827 991 1905 olus;

183 1910 355 1992 aquaeque
373 1918 458 1972 natat
472 1911 566 1974 clusis
582 1911 715 1991 anguilla
730 1911 899 1973 domestica
911 1911 1067 1994 lymphis,

246 1997 393 2076 Quaeque
410 1998 493 2075 gerit
507 1995 625 2057 similes
640 1995 769 2056 candida
784 1997 880 2056 turris
896 2015 983 2057 aves:

202 2079 335 2141 Munera
349 2087 421 2141 sunt
435 2077 588 2141 dominae:
610 2086 682 2160 post
695 2081 825 2161 septima
837 2078 935 2140 lustra
949 2099 1080 2142 reverso

245 2163 311 2224 llos
328 2161 481 2225 Marcella
495 2163 577 2227 lares
591 2183 746 2244 parvaque
762 2182 858 2243 regna
871 2162 968 2226 dedit.

204 2246 238 2306 Si
255 2249 329 2308 mibi
344 2248 493 2308 Nausicaa
506 2249 623 2329 patrios
638 2247 827 2309 concederet
843 2248 968 2325 hortos,

160 2341 198 2393 to
248 2328 379 2392 Alcinoo
395 2351 518 2413 possem
533 2330 639 2392 dicere
655 2330 763 2410 „Malo
776 2332 894 2392 meos.“

581 2495 705 2559 ιιιιιιιι.
831 2461 833 2466 ’

101 2647 108 2662 .
204 2607 230 2669 0
243 2606 387 2668 luliarum
403 2605 538 2668 dedecus
551 2605 773 2684 Kalendarum,

203 2689 295 2769 Vidi,
316 2691 470 2768 Vacerra,
492 2693 724 2768 runcinatum,
746 2689 828 2764 vidi3

204 2776 286 2851 Quas
300 2794 362 2835 non
377 2782 516 2836 retentas
530 2777 681 2857 pensione
696 2794 753 2854 pro
769 2775 850 2835 bima

204 2859 353 2920 Portabat
366 2879 443 2920 uxor
456 2861 526 2921 ruia
540 2860 676 2920 crinibus
690 2864 810 2939 septem

181 2944 244 3004 sut
259 2963 325 3002 enm
346 2963 454 3004 sorore
470 2963 543 3004 cana
557 2949 657 3003 mater
670 2943 799 3021 ingenti.

202 3026 312 3086 Furias
325 3028 429 3108 putavi
443 3034 535 3089 nocte
548 3028 629 3087 Ditis
643 3045 787 3087 emersas.

203 3111 315 3171 Hasta
329 3111 452 3191 priores
466 3112 585 3190 frigore
601 3116 635 3172 et
647 3111 727 3171 fame
744 3111 843 3170 siccus
882 3153 887 3162 .

203 3196 245 3255 ut
259 3214 321 3256 non
334 3195 456 3255 recenti
470 3194 605 3275 pallidus
619 3195 714 3275 magis
729 3195 808 3253 buxo

204 3281 269 3337 irus
285 3285 406 3338 tuorum
422 3285 595 3359 temporum
610 3278 800 3356 sequebaris.
885 3284 888 3288 ’

162 3360 339 3436 loMigrare
354 3360 464 3420 clivom
480 3360 628 3420 crederes
642 3361 809 3422 Aricinum.

202 3439 268 3497 ibat
280 3441 380 3516 tripes
395 3444 539 3516 grabatus
554 3449 587 3502 et
600 3445 689 3521 bipes
704 3437 826 3518 mensa,
