2392 3888
277 221 708 314 uolonummnroumn.
727 222 805 284 vm.
844 189 848 196 ’
1002 219 1064 290 17⁷

100 370 171 430 Non
187 376 257 429 sunt
272 369 349 428 haec
364 370 536 447 homiuum,
559 370 759 448 Germanice,
785 369 894 448 gaudia
908 378 1043 450 tantum,
1105 441 1109 450 ,
1147 411 1152 420 -

146 452 210 512 Sed
224 453 342 513 faciunt
356 454 417 532 ipsi
430 472 511 512 nunc
519 496 528 531 ,
548 460 641 532 puto,
664 473 749 512 sacra
765 453 826 517 dei

521 587 559 648 V.

102 705 183 773 Ilum
198 701 310 778 donas,
322 700 456 777 Macer,
479 700 585 761 anulos
600 700 729 780 puellis,

100 788 235 863 Desisti,
257 785 381 862 Macer,
405 782 512 843 anulos
526 785 653 846 habere.

436 986 440 996 ,
492 918 567 978 -vi

100 1029 290 1109 Archetypis
304 1027 399 1088 vetuli
413 1029 492 1088 nihil
506 1036 555 1089 est
570 1030 707 1089 odiosius
720 1030 813 1090 Eucti

144 1114 291 1174 -Ficta
306 1113 474 1190 Saguntino
490 1114 610 1192 cymbia
624 1112 704 1173 malo
719 1112 784 1174 luto
799 1148 857 1193 -—,

100 1199 234 1276 Argenti
247 1197 428 1256 inmosasui
443 1217 511 1256 cum
526 1204 686 1257 stemmata
702 1207 809 1258 narrat
859 1225 861 1230 ·

25 1311 27 1316 ·
145 1279 296 1341 Garrulus
312 1287 345 1340 et
358 1282 461 1340 verbis
475 1280 595 1340 mucida
610 1283 679 1342 vina
693 1282 778 1341 facit.

77 1364 377 1445 5„Laomedonteae
392 1365 521 1425 fucrant
530 1366 607 1424 haec
622 1365 734 1445 pocula
748 1385 889 1428 mensae:
902 1387 907 1396 ·

143 1451 259 1510 Ferret
271 1454 306 1508 ut
320 1449 414 1527 haec,
436 1468 539 1508 muros
556 1450 668 1509 struxit
681 1448 794 1528 Apollo
808 1449 886 1528 lyra.

102 1535 171 1594 Hoc
189 1541 311 1593 cratere
325 1532 415 1592 ferox
431 1533 582 1592 commisit
596 1532 714 1610 praelia
727 1533 871 1594 Rhoecus

111 1681 116 1698 ,
146 1619 222 1678 Cum
240 1617 395 1698 Lapithis:
417 1627 519 1696 pugna
534 1615 638 1678 debile
654 1618 756 1675 cernis
773 1637 858 1697 opus.

100 1703 144 1762 Hi
161 1701 220 1761 duo
235 1699 385 1779 longaevo
404 1707 572 1760 censentur
586 1701 720 1760 Nestore
733 1700 837 1761 fundi:

58 1799 95 1851 ιο
144 1783 264 1844 Pollice
280 1783 320 1843 de
334 1781 424 1862 Pylio
439 1785 514 1843 trita
531 1783 670 1843 columba
685 1786 773 1845 uitet.
835 1819 838 1827 =

101 1871 163 1930 llic
177 1869 311 1948 scyphus
326 1874 390 1944 est,
412 1869 444 1926 in
461 1888 520 1945 quo
536 1869 660 1928 misceri
673 1870 763 1929 iussit
779 1871 884 1929 amicis

144 1953 274 2030 Largius
290 1951 441 2011 Aeacides
455 1951 648 2030 vividiusque
662 1971 790 2013 merum.

101 2039 170 2098 lIac
183 2037 359 2116 propinavit
375 2035 474 2094 Bitiae
489 2034 701 2114 pulcherrima
712 2036 791 2096 Dido
899 2035 904 2044 '

145 2121 180 2179 In
192 2130 315 2199 patera,
338 2119 473 2196 Phrygio
489 2139 556 2177 cum
572 2118 643 2178 data
657 2139 732 2179 cena
746 2122 812 2180 viro
831 2121 911 2180 est.“

57 2217 92 2268 15
100 2205 234 2266 Miratus
249 2204 347 2262 fueris
363 2222 429 2260 cum
447 2204 549 2282 prisca
563 2210 736 2263 toreumata
751 2202 896 2281 multum,

145 2289 178 2347 In
192 2287 306 2346 Priami
322 2284 451 2345 calathis
464 2287 651 2364 Astyanacta
665 2288 763 2346 bibes.

503 2435 576 2496 'VII

100 2553 172 2612 Hoc
186 2569 279 2628 agere
299 2557 348 2610 est
361 2569 483 2627 causas,
505 2551 565 2610 hoc
581 2549 704 2627 dicere,
729 2550 843 2628 Cinna,
866 2549 985 2611 diserte

142 2634 254 2710 Horis,
277 2634 391 2710 cinna,
410 2633 517 2693 decem
533 2633 639 2694 dicere
654 2636 749 2694 verba
761 2635 893 2695 novem?

101 2717 167 2779 Sed
181 2717 272 2778 modo
288 2716 468 2797 clepsydras
486 2719 605 2795 ingenti
619 2736 695 2777 voce
709 2718 817 2798 petisti

149 2803 310 2885 Quattuor.
342 2801 546 2880 Oquantum,
569 2803 684 2879 Cinna,
705 2808 812 2862 tacere
825 2802 932 2881 potes!

504 2935 583 2997 VIII.

98 3047 292 3125 Principium
308 3046 382 3125 des,
403 3048 491 3124 Iane,
512 3045 589 3105 licet
603 3045 759 3107 velocibus
775 3049 878 3126 annis,

142 3131 185 3190 Et
200 3149 332 3190 renoves
345 3129 430 3190 voltu
445 3129 567 3190 saecula
581 3130 673 3210 longa
687 3136 759 3207 tuo;

99 3215 150 3275 Te
165 3215 298 3293 primum
313 3216 365 3294 pia
378 3220 449 3274 tura
463 3222 591 3294 rogent,
615 3222 647 3275 te
661 3223 732 3275 vota
746 3214 896 3291 salutent,

143 3299 285 3376 Purpura
299 3305 331 3357 te
346 3296 439 3400 felix,
461 3306 494 3359 tc
509 3297 592 3359 colat
606 3301 704 3358 omnis
720 3301 833 3358 honos:
1181 3365 1182 3374 ,

72 3382 346 3445 5'lutamenhoc
362 3385 472 3462 mavis,
492 3383 599 3444 Latiae
619 3382 702 3462 quod
718 3380 948 3459 contigiturhi,
1181 3391 1182 3458 I

142 3464 255 3525 Mense
270 3472 323 3526 tuo
341 3463 507 3544 reducem,
529 3467 617 3543 Iane,
619 3405 750 3525 qvidere
766 3463 866 3524 deum.

19 3607 28 3618 ,
98 3548 211 3610 Maur.
818 3547 857 3605 12
