2460 3878
336 181 680 312 nrrcmnmnnon
695 220 768 284 mn
788 223 824 284 ιι

150 375 297 454 Quisquis
313 375 376 435 eris
390 374 491 434 nostri
504 381 576 455 post
590 392 640 433 me
656 382 803 452 regnator
818 371 929 453 agelli,

192 459 337 520 Manibus
353 459 469 536 exiguis
485 477 583 518 annua
597 459 677 517 iusta
691 457 771 519 dato.

125 541 207 605 5Sic
223 541 291 602 lare
305 550 477 624 perpetuo,
500 542 544 601 sic
558 543 649 601 turba
663 543 780 621 sospite
795 541 878 602 solus

192 623 322 688 Flebilis
337 627 369 685 in
385 631 470 685 terra
484 626 525 685 sit
539 624 619 705 lapis
635 626 696 685 iste
711 633 771 685 tua.

19 851 24 856 “
63 763 230 900 studi
245 837 407 916 magister,
427 855 521 915 paroc
539 835 670 916 simplici
684 838 804 900 turbae.

150 920 203 980 Sic
220 926 253 980 te
266 921 449 1000 frequentes
466 920 591 980 audiant
605 918 742 1000 capillati

142 992 192 1082 ,tit
206 1002 357 1065 delicatae
373 1003 482 1081 diligat
496 1004 609 1063 chorus
625 1021 766 1081 mensae,

136 1077 216 1170 μοι
230 1071 415 1166 calculator,
438 1104 496 1147 nec
511 1087 650 1158 notarius
664 1085 754 1148 velox

34 1181 59 1289 Z
82 1225 104 1282 c
128 1161 274 1250 maiore
290 1171 449 1250 quisquam
464 1168 580 1231 circulo
594 1177 769 1233 coronetur.

68 1259 74 1278 '
110 1259 117 1276 “
133 1267 135 1272 ’
149 1254 248 1316 Albae
262 1253 356 1317 leone
371 1256 513 1314 flammeo
532 1254 633 1314 calent
647 1253 735 1325 luces

146 1329 341 1417 Tostamque
354 1339 479 1398 iervens
494 1336 588 1398 lulius
605 1341 711 1417 coquit
725 1357 866 1402 messem.

150 1423 273 1483 Cirrata
285 1419 364 1482 loris
379 1422 516 1488 horridis
527 1422 665 1500 Scythae
679 1420 791 1502 pellis,

104 1497 911 1676 ιιιιειιιιιιιιιιῑὲιιιιῑιιιι,

146 1665 284 1744 &essent
299 1679 332 1733 et
345 1671 416 1732 ldus
432 1671 585 1732 dormiant
599 1675 630 1733 in
646 1673 815 1734 Octobres:

52 1751 278 1884 &gestate
292 1757 383 1838 pueri
398 1758 423 1815 ai
437 1753 557 1835 valent,
579 1759 653 1816 satis
669 1757 799 1818 discunt.

534 1866 637 1929 LXlll.

149 1965 304 2024 Marmora
317 1985 412 2044 parva
426 1964 567 2044 quidem,
587 1965 719 2028 sednon
735 1983 875 2042 cessura,
896 1966 1012 2042 viator,

192 2045 328 2108 Mausoli
344 2049 423 2108 saris
439 2049 693 2129 pyramidumque
707 2049 796 2128 legis.

149 2131 203 2192 Bis
218 2150 287 2191 mea
300 2131 437 2192 Romano
452 2139 592 2218 spectata
607 2141 656 2194 est
670 2134 733 2194 vita
748 2133 903 2211 Tarento,

190 2216 233 2275 nt
247 2213 327 2274 nihil
343 2222 498 2276 extremos
512 2214 652 2296 perdidit
667 2223 738 2276 ante
753 2235 854 2296 rogos.

39 2314 50 2354 ι
128 2300 297 2376 ὀριίιιιιιιι
314 2298 403 2359 dedit
415 2317 547 2378 pueros,
569 2299 699 2360 totidem
713 2301 791 2360 mihi
804 2300 878 2360 luno
896 2285 1031 2380 puellas:

192 2382 359 2443 cluserunt
375 2401 481 2442 omnes
494 2381 610 2443 lumina
624 2390 730 2445 nostra
749 2403 865 2444 manus.

149 2467 290 2544 Contigit
304 2472 337 2538 et
351 2465 478 2526 thalami
493 2469 568 2529 mihi
583 2466 682 2548 gloria
695 2489 766 2535 rara
778 2469 900 2548 fuitque
994 2465 997 2470 ’

139 2605 143 2618 ,
188 2549 258 2609 Una
273 2549 441 2631 pudicitiae
457 2551 592 2612 mentula
607 2558 681 2614 nota
694 2571 791 2614 meae.

530 2663 637 2725 Lxlv.

149 2759 327 2836 Contigeris
341 2760 450 2838 regina
465 2753 549 2820 meos
565 2762 591 2820 si
608 2758 698 2821 Polla
711 2758 853 2839 libellos,

190 2841 259 2902 Non
273 2844 387 2925 tetrica
399 2851 523 2904 nostros
538 2845 647 2924 excipe
662 2845 768 2904 fronte
782 2845 875 2906 iocos.

146 2924 204 2985 lile
221 2932 290 2986 taus
305 2933 407 3004 vates,
430 2925 591 2987 Heliconis
608 2927 706 3006 gloria
719 2929 835 3006 nostri,

188 3009 292 3069 Pieria
309 3016 437 3071 caneret
451 3030 519 3070 cum
533 3011 601 3071 iera
614 3010 698 3071 bella
711 3013 801 3089 tuba,

125 3092 217 3153 oNon
232 3099 335 3153 tamen
350 3095 475 3155 erubuit
487 3092 601 3155 lascivo
617 3094 724 3156 dicere
737 3114 829 3156 versu

189 3175 245 3254 „Si
258 3194 317 3236 uec
331 3176 495 3259 paedicor,
517 3179 625 3257 Cotta,
647 3179 721 3259 quid
735 3181 786 3240 hic
800 3179 926 3240 iacioi‘⁶
971 3197 974 3202 ·

461 3307 463 3312 ’
529 3289 623 3351 LXV.

147 3387 224 3448 Cum
237 3393 271 3447 te
285 3389 469 3469 municipem
483 3389 714 3450 Corinthiorum

146 3469 264 3550 lactea,
283 3471 508 3550 Charmenion,
528 3477 662 3550 negante
677 3469 781 3549 nullo,

839 3551 903 3616 16*

1047 222 1111 288 ata
