2392 3888
299 229 640 293 EPIGRAMMATON
653 227 727 290 L'lll.
742 231 793 292 lX.
1004 231 1067 295 205

106 385 171 444 lam
189 379 367 461 paedagogo
381 380 531 442 liberatus
546 389 578 441 et
595 384 680 442 cuins
807 387 811 396 '

105 465 295 526 Refibulavit
309 464 465 542 turgidum
481 466 570 526 faber
583 484 712 545 penem:

105 548 192 610 Nutu
207 555 347 608 vocatum
362 547 463 627 ducis,
482 557 515 608 et
529 549 626 628 pudet
639 550 698 608 fari

105 633 295 708 Ontoniana,
317 632 468 710 Chreste,
492 631 573 712 qnod
588 633 664 692 lacis
677 632 790 712 lingua.

477 765 614 828 XXVIII.

104 877 205 937 Dulce
221 874 315 934 decus
330 852 457 953 scenae,
478 873 621 935 ludorum
635 875 730 951 fama,
748 874 876 936 Latinus

150 958 208 1019 llle
224 975 281 1037 ego
297 978 380 1035 snm,
400 957 526 1038 plausus
543 957 737 1036 deliciaeque
755 964 843 1034 tnae;

105 1045 168 1121 Qui
183 1049 390 1123 spectatorem
405 1042 492 1122 potui
507 1043 620 1102 iecisse
636 1042 801 1120 Catonem,

148 1125 277 1186 Solvere
298 1126 349 1204 qui
365 1126 476 1186 Ourios
489 1125 712 1205 Fabriciosque
728 1145 844 1204 graves.

76 1208 171 1272 5Sed
185 1207 264 1268 nihil
279 1229 296 1266 a
310 1215 417 1268 nostro
432 1211 561 1288 sumpsit
575 1228 643 1268 mea
657 1211 718 1268 rita
734 1210 857 1271 theatro

146 1293 189 1353 Iit
203 1291 270 1352 sola
284 1297 402 1351 tanturn
417 1295 557 1353 scenicus
572 1300 639 1353 arte
654 1292 750 1354 feror.

102 1378 170 1438 Nec
184 1382 325 1455 poteram
340 1382 444 1454 gratus
459 1375 581 1436 domino
597 1378 665 1437 sine
678 1378 814 1437 moribus
829 1397 913 1440 esse:

146 1460 279 1519 interino
294 1466 414 1518 mentes
428 1461 553 1539 inspicit
566 1459 619 1519 ille
635 1460 721 1522 dens.

105 1544 173 1605 Vos
187 1561 237 1602 me
251 1539 402 1620 laurigeri
416 1543 584 1622 parasitum
600 1542 694 1603 dicite
708 1544 843 1622 Phoebi,

54 1640 95 1692 10
146 1626 249 1686 Roma·
258 1627 305 1686 sui
318 1625 464 1685 famulum
479 1626 551 1686 dnm
568 1627 645 1686 sciat
659 1645 728 1686 esse
742 1626 831 1690 Iovis.

488 1747 596 1827 xxix.

105 1879 235 1941 Saecula
248 1878 419 1939 Nestoreae
431 1896 611 1958 permensa,
632 1878 789 1958 Philaeni,
811 1890 974 1961 senectae,

147 1965 246 2044 Rapta
264 1981 299 2022 es
315 1960 354 2020 ad
365 1962 504 2021 infernas
519 1968 579 2020 tam
595 1963 658 2021 cito
672 1962 752 2022 Ditis
771 1965 888 2042 aquas?

104 2049 262 2108 Euboicae
278 2043 415 2104 nondum
428 2046 609 2104 numerabas
622 2043 714 2122 longa
731 2046 870 2126 Sibyllae

150 2131 321 2210 Tempora:
342 2130 440 2187 maior
455 2136 523 2187 erat
537 2129 693 2188 mensibus
707 2128 763 2188 illa
777 2132 885 2192 tribus.

76 2216 177 2278 elien
192 2232 270 2293 qnae
283 2211 387 2290 lingna
402 2210 489 2271 silet!
512 2231 573 2270 non
589 2211 672 2270 illam
687 2212 773 2272 mille
787 2220 920 2273 catastae

149 2298 340 2372 Vincebant,
362 2314 421 2354 nec
437 2313 515 2374 qnae
531 2295 621 2352 turba
638 2294 766 2374 Sarapin
782 2306 877 2369 amat;

104 2382 171 2441 Nec
188 2379 330 2440 matutini
345 2379 459 2438 cirrata
474 2383 597 2436 caterva
612 2377 768 2455 magistri,

150 2465 215 2524 Nec
230 2480 308 2542 qnae
323 2461 499 2539 Strymonio
515 2459 555 2520 de
572 2479 667 2538 grege
680 2461 747 2540 ripa
762 2470 858 2521 sonat.

107 2549 192 2624 Quae
208 2564 289 2605 nunc
304 2542 486 2604 Thessalico
501 2542 603 2604 lunam
619 2544 775 2604 deducere
791 2546 938 2623 rhombo,

55 2645 97 2697 ιο
148 2631 232 2707 Quae
248 2631 327 2688 sciet
340 2629 397 2687 hos
410 2625 481 2687 illos
497 2627 634 2688 vendere
648 2630 720 2690 lena
735 2630 842 2689 toros?

108 2715 157 2774 Sit
170 2714 228 2774 tibi
243 2717 329 2772 terra
345 2710 424 2770 lovis
440 2710 589 2789 mollique
605 2713 719 2790 tegaris
734 2713 864 2789 harena,

149 2797 196 2856 Ne
211 2803 263 2856 tna
277 2797 473 2876 nonpossint
487 2813 599 2854 eruere
615 2814 683 2856 ossa
698 2814 799 2855 canes.

499 2928 594 2989 XXX.

107 3041 324 3121 Cappadocum
339 3043 438 3102 saevis
452 3043 604 3103 Antistius
620 3040 734 3102 occidit
748 3044 812 3102 oris

148 3125 302 3189 Rusticus.
332 3126 359 3184 0
374 3127 457 3185 tristi
472 3127 699 3186 crimine'terra
714 3127 843 3186 nocens!

105 3207 240 3268 Rettulit
254 3228 324 3268 ossa
339 3211 406 3268 sinu
422 3211 486 3269 cari
500 3211 626 3289 Nigrina
640 3211 742 3270 mariti
785 3275 788 3278 ,

152 3293 194 3352 ut
211 3298 320 3370 questa
335 3298 384 3370 est
399 3291 507 3371 longas
524 3313 585 3352 non
600 3295 673 3352 satis
689 3312 758 3353 esse
772 3295 853 3367 vias3

80 3376 249 3454 boumque
264 3375 354 3435 daret
365 3383 500 3435 sanctam
515 3375 657 3452 tumulis,
674 3378 783 3456 quibus
799 3375 933 3454 invidet,
947 3393 1066 3452 urnam,

151 3459 226 3520 Visa
243 3460 301 3519 sibi
316 3466 365 3518 est
379 3467 468 3538 rapto
483 3461 531 3518 bis
545 3458 668 3519 viduatu
682 3459 758 3518 viro.
