2500 3912
523 192 731 242 PRAEFATIO.
1008 197 1105 244 xxvn

131 332 206 389 laboii
215 333 330 403 suspicio,
341 348 388 404 qua
399 340 540 404 sequentem
550 337 694 392 versiculum
703 339 811 408 spurium
822 339 943 406 iudicavit,
956 339 1032 394 mult-o
1043 339 1110 394 blan·

129 418 184 473 dior
194 423 246 482 est,
265 431 336 487 quam
352 431 375 471 v.
388 420 424 474 58
434 417 563 494 avidusque
576 435 620 490 pro
636 427 751 494 aptusque
769 428 828 476 etv.
841 425 1108 492 oosooopromoosto,

128 515 189 571 quas
195 498 259 556 Pltb.
271 499 387 556 lectiones
398 499 519 556 invindie.
532 517 555 572 p.
563 507 596 560 11
607 502 700 559 abunde
712 504 846 560 defendisse
857 505 915 560 mibi
925 506 1016 560 videor.
1031 505 1109 560 Etiam

128 600 153 636 v.
166 585 202 641 89
212 597 256 638 our
267 589 346 638 ummo
355 583 444 655 &pios
454 600 510 640 cum
521 585 678 642 deterioribus
688 587 768 656 libris,
783 603 853 659 mam
865 588 953 660 digitos
965 595 1043 644 votum
1053 605 1109 643 cunr

129 666 195 722 Pitb.
206 665 303 722 Iahnius
310 667 438 730 maluerit,
449 684 498 723 non
508 669 626 740 intelligo,
636 685 683 724 neo
693 687 716 724 v.
732 675 784 728 114
793 671 902 726 boemos
912 688 955 742 pro
968 673 1109 742 appellativo

127 750 248 819 scriptum
254 764 394 822 concoquo;
406 751 554 808 lacernarum
562 753 625 807 enim
631 755 773 823 patrimonia
779 756 832 826 quis
840 755 939 810 tulerit?
951 755 1021 820 Quod
1029 764 1110 811 autem

129 849 153 888 v.
168 835 220 890 131
229 829 312 888 dedo
322 848 379 888 cum
390 833 418 889 G.
431 833 459 889 E.
472 835 577 890 Webero
587 837 613 890 in
622 835 720 892 Maedos
732 839 851 902 converti,
868 839 981 910 quidquid
997 839 1110 894 audaciae

128 917 219 972 babere
233 916 351 981 videamr,
370 917 486 974 redimam
503 921 592 974 tuendo
609 923 698 978 v.153
714 921 789 975 isdem
799 937 843 990 pro
853 921 923 986 odem,
936 937 982 992 qua
992 923 1017 978 in
1028 925 1109 976 conie-

129 1007 199 1054 ctura
215 999 236 1054 si
247 999 342 1054 Iahnius
358 1016 433 1056 unum
448 1002 494 1057 sibi
510 1002 613 1057 rhetoris
629 1003 773 1072 discipulum
790 1004 871 1071 linxit,
884 1005 925 1075 qui
938 1013 1107 1076 argumentum

131 1082 206 1138 modo
216 1084 318 1138 oratorie
330 1091 459 1140 tractatum
469 1087 518 1140 iam
529 1085 602 1140 etiam
612 1086 720 1140 versibus
732 1101 871 1156 expressum
882 1089 1020 1155 cantaverit,
1031 1091 1108 1158 poeti-

133 1181 175 1220 cas
191 1167 372 1222 exercitationes
394 1167 424 1222 ab
441 1167 637 1224 boosobolarum
654 1183 744 1240 genere
761 1185 859 1239 prorsus
873 1171 961 1225 alienas
975 1171 1049 1226 fuisse
1059 1172 1109 1226 eai-

130 1249 211 1304 stimo.
239 1249 364 1305 Praeterea
375 1253 492 1324 perferet,
514 1252 716 1324 quemadmodum
732 1253 771 1308 Vl.
782 1257 834 1311 391
845 1254 938 1325 arguit,
958 1255 987 1310 ad
999 1251 1108 1327 magistri

129 1333 218 1387 dictata
229 1340 337 1403 spectat,
354 1349 416 1406 quae
426 1335 548 1406 discipuli,
568 1343 694 1408 postquam
705 1337 816 1392 sedentes
826 1344 975 1392 enarrantem
986 1339 1052 1394 illum
1066 1355 1108 1394 au·

126 1417 253 1480 diverunt,
265 1431 323 1472 mox
332 1423 425 1473 stantes
434 1419 480 1489 ipsi
489 1419 629 1491 singilatim
639 1421 870 1490 pronunciaverunt,
883 1436 958 1492 eaque
968 1430 1005 1476 est
1018 1423 1108 1477 monade

126 1499 241 1570 amodo,
260 1515 308 1554 oon
324 1509 495 1572 argumentum
508 1509 601 1557 tantum
620 1503 691 1558 variis
708 1504 787 1559 modis
802 1511 945 1573 tractatum,
961 1505 1005 1560 sed
1023 1506 1107 1560 eadem

126 1581 201 1636 verba
208 1583 310 1638 totidem
315 1585 423 1640 versibus
432 1586 482 1640 sive
487 1586 588 1654 στίχοις
599 1601 612 1640 a
623 1587 726 1658 singulis
736 1588 898 1659 recitataque
906 1588 979 1644 etiam
987 1596 1107 1644 structura

126 1665 204 1732 ducit,
216 1681 278 1737 qnae
286 1673 363 1724 totam
373 1669 475 1724 classem
485 1669 639 1740 munenibus
650 1669 729 1724 verbis
738 1686 782 1741 pro
793 1671 902 1726 subiecto
914 1672 962 1727 dat.
971 1701 1009 1712 -
1018 1673 1046 1725 V.
1058 1676 1106 1729 165

125 1749 193 1822 qood
200 1749 232 1804 do
243 1765 299 1805 cum
308 1752 428 1823 plerisque
444 1752 499 1808 ideo
509 1754 590 1823 potius
600 1755 700 1820 retinui,
717 1770 748 1808 oe
757 1752 915 1810 pithoeanum
934 1756 993 1828 puid
1007 1755 1037 1810 do
1048 1757 1106 1810 tiro

126 1848 186 1888 num
199 1834 283 1888 oculos
294 1833 433 1903 offenderet,
445 1851 517 1907 quam
528 1852 575 1908 quo
586 1837 645 1892 illud
651 1838 730 1892 verius
740 1852 812 1908 quam
822 1837 870 1892 hoc
883 1838 1012 1904 crederem,
1024 1839 1048 1893 in
1059 1855 1106 1908 quo

126 1915 191 1970 haud
209 1917 261 1972 scio
278 1933 308 1972 au
324 1917 394 1973 altior
411 1921 546 1990 corruptela
562 1921 650 1982 laicata
667 1937 690 1976 v.
703 1925 754 1978 185
770 1927 850 1975 autem
866 1921 999 1992 oooditpro
1012 1922 1107 1976 coodiot

125 1999 176 2054 iam
195 2000 324 2056 iulbndio.
340 2017 366 2072 p.
381 2008 416 2060 13
433 2002 550 2058 similibus
566 2003 687 2058 indicativi
703 2005 819 2074 exemplis
838 2004 879 2060 lx.
897 2007 948 2063 146
965 2012 989 2060 et
1002 2005 1043 2060 xl.
1057 2008 1107 2062 130

126 2084 204 2138 tuitus
213 2099 276 2150 sum,
288 2099 363 2140 nocv.
370 2089 423 2144 118
432 2086 456 2140 in
464 2093 633 2142 mesomedes
640 2093 710 2142 autu.
717 2090 769 2145 119
781 2087 805 2142 in
810 2087 910 2160 [ratmot
921 2089 1005 2159 optimi
1016 2088 1106 2142 codicis

126 2165 244 2221 lectiores
258 2173 350 2222 temere
367 2183 407 2223 me
416 2183 524 2224 servasse
536 2170 644 2226 arbitror.
673 2171 849 2226 Aooeoonoetoo
865 2178 931 2226 certe
941 2187 1029 2242 graeco
1043 2171 1103 2224 aule·

124 2250 192 2303 ctivo
209 2250 297 2306 eodem
313 2251 366 2306 iuro
375 2253 533 2324 paedagogus
544 2253 713 2322 appellabitur,
731 2269 778 2323 quo
789 2254 816 2310 V.
828 2259 862 2310 45
880 2255 1001 2324 zelotypos
1017 2252 1105 2319 Iarbas,

126 2347 205 2404 oeque
221 2334 326 2389 alienum
336 2335 395 2390 illud
406 2350 420 2389 a
430 2335 595 2390 Romanorum
610 2352 655 2391 usu
665 2336 740 2390 luisse
751 2336 825 2405 ipsius
836 2336 959 2391 Ciceronis
969 2335 1105 2406 exemplum

128 2415 190 2485 apud
198 2415 259 2472 Gell.
268 2416 320 2472 llll.
330 2423 363 2476 11
373 2418 472 2488 probat;
487 2419 654 2474 coniunctium
666 2427 747 2473 aarum
756 2425 812 2488 post
823 2418 977 2472 indicativum
983 2435 1106 2491 praetur-

126 2501 164 2554 oto
178 2498 220 2555 hic
236 2515 331 2572 quoque
348 2501 465 2557 diversam
476 2501 600 2574 utriusque
609 2501 713 2557 hominis
729 2501 891 2558 conditionem
901 2503 1034 2575 significat,
1045 2519 1105 2574 quo·

126 2597 180 2637 mm
194 2583 268 2648 alter,
282 2590 364 2640 custos
374 2585 498 2657 discipuli,
510 2586 558 2642 iam
570 2593 639 2641 antea
649 2600 748 2641 munere
762 2586 894 2656 palpandus
905 2587 990 2652 fuerit,
1005 2595 1033 2642 ut
1042 2587 1105 2641 harro

125 2667 278 2735 potissimum
289 2668 397 2724 scholam
408 2669 470 2740 patri
480 2671 672 2736 commendaret,
685 2671 759 2733 alter,
770 2670 931 2740 dispensator,
943 2671 1104 2740 suspicionem

124 2756 220 2804 tantum
230 2751 356 2823 frangendi
367 2760 469 2808 moveat.
481 2781 516 2792 -
530 2751 647 2809 Satlllll
658 2769 681 2808 v.
694 2756 769 2811 5-7
781 2753 889 2823 pluribus
899 2755 998 2809 tractavi
1009 2752 1103 2808 iulius.

125 2832 233 2889 Rhenan.
246 2834 273 2889 T.
284 2834 330 2901 vl,
341 2850 366 2906 p.
379 2838 438 2901 454,
450 2836 536 2908 quibus
545 2836 593 2892 hoc
602 2843 695 2892 tantum
705 2837 774 2901 addo,
786 2837 906 2908 suessos,
918 2837 1005 2908 quibus
1016 2837 1105 2907 pariter

123 2932 153 2970 ac
163 2916 214 2973 Vll
227 2920 277 2975 117
294 2925 418 2988 protomus
433 2919 563 2992 significari
579 2925 766 2976 consentaneum
777 2929 824 2984 est,
844 2921 873 2975 ad
886 2919 988 2976 mbulom
999 2921 1104 2992 generis,

122 3015 186 3070 quae
196 2999 273 3070 pictas
283 3002 403 3074 imagines
412 3003 562 3067 continebat,
574 3004 657 3060 referri
667 3005 765 3059 omnino
776 3019 824 3059 non
836 3019 920 3073 posse:
936 3004 1000 3075 quod
1012 3004 1057 3058 nisi
1064 3003 1102 3074 so·

122 3099 202 3138 mesos
213 3099 269 3139 oum
279 3084 438 3141 deterioribus
448 3086 602 3156 praetuleris,
619 3102 665 3141 neo
675 3087 808 3142 damnando
818 3103 841 3142 v.
854 3089 869 3144 7
880 3087 925 3142 laos
936 3088 1003 3158 sequi
1014 3086 1101 3142 licebit.

124 3195 164 3204 —
177 3165 205 3222 V.
217 3170 252 3224 33
264 3165 369 3240 epotos
382 3177 411 3224 ut
424 3185 514 3225 nomen
528 3171 591 3225 servi
605 3171 697 3226 mucre
707 3170 791 3226 initiali
801 3171 900 3240 scripsi,
911 3185 989 3242 neque
999 3170 1102 3240 puellam

122 3264 181 3304 cum
198 3249 336 3307 burmauno
352 3269 463 3324 proven,
481 3268 552 3325 quam
569 3269 625 3308 cum
645 3253 728 3309 labnio
743 3270 845 3324 pvoruom
861 3254 975 3323 appellari
989 3252 1102 3314 dubitavi,

120 3333 179 3404 quia
196 3339 303 3389 staturae
318 3334 423 3391 brevitas
438 3337 487 3391 iam
503 3337 528 3392 in
542 3353 607 3392 novo
623 3343 705 3392 notata
721 3344 783 3398 erat,
796 3353 899 3407 pravom
916 3343 996 3390 auteur
1007 3337 1104 3405 proprio

119 3431 197 3470 sensu
218 3423 334 3474 etiem
357 3433 411 3474 esse
430 3421 491 3475 scite
514 3419 637 3476 Rontleins
662 3420 692 3474 ad
717 3419 768 3474 Cic.
785 3419 883 3474 Tuscul.
905 3419 982 3476 111.1
1006 3418 1102 3477 docuit:

120 3501 199 3554 inuno
217 3501 290 3556 ctiam
312 3518 335 3556 v.
354 3507 389 3561 49
406 3509 431 3558 et
454 3506 559 3561 66'meo
580 3510 668 3558 conatu
683 3503 749 3556 unit
765 3509 787 3556 et
806 3517 850 3572 pro
874 3501 949 3554 ventu
971 3500 1105 3552 etnicos
