2392 3888
320 177 662 240 EPIGRAMMATON
674 180 748 242 ΗΒ.
764 180 814 241 [Χ.
1026 181 1087 246 215

155 327 395 408 ,Statplatanus
410 327 516 389 densis
532 331 715 392 Caesariana
729 335 841 410 comis,

125 413 269 492 Hospitis
283 413 390 471 invicti
404 416 509 491 posuit
523 433 612 493 quarn
628 414 755 475 dextera
769 415 861 494 felix,

171 497 284 576 coepit
300 499 334 554 et
348 513 386 555 ex
400 494 457 555 illa
470 516 615 558 crescere
632 501 717 578 virga
732 520 831 563 manu.

127 583 297 641 Auctorem
312 577 530 659 dominumque
545 601 631 642 suum
646 585 764 643 sentire
778 584 920 644 ridetur:

78 678 118 729 10
168 666 220 724 Sic
233 664 316 723 viret
330 669 363 722 et
377 666 469 723 ramis
484 665 588 726 sidera
603 665 688 728 celsa
702 670 791 746 petit.

126 749 228 827 Saepe
242 747 298 807 sub
313 745 370 806 hac
385 747 499 808 madidi
517 749 660 810 luserunt
675 754 785 812 arbore
800 751 897 811 Fauni

170 831 300 891 Terruit
315 837 348 889 et
361 833 485 892 tacitum
499 833 603 892 fistula
619 853 688 893 sera
703 834 840 909 domum3

125 915 265 994 Dumque
280 913 360 992 fugit
375 914 457 974 solos
472 923 657 976 nocturnum
669 918 754 978 Pana
766 937 824 998 per
841 937 947 996 anos,

169 999 270 1079 Saepe
284 997 339 1056 snb
355 997 412 1057 hac
426 997 518 1058 latuit
532 1001 647 1060 rustica
660 1001 773 1061 froude
787 1001 894 1080 Dryas

75 1085 228 1162 15Atque
244 1079 351 1141 oluere
365 1079 449 1140 lares
468 1084 668 1143 comissatore
682 1085 803 1163 Lyaeo,

169 1166 277 1228 Crevit
292 1172 324 1224 et
339 1165 438 1224 effuso
451 1163 565 1226 laetior
580 1170 687 1228 umbra
699 1186 803 1244 mero3

123 1249 353 1326 Hesternisque
367 1250 482 1309 rubens
498 1249 621 1312 deiecta
635 1259 684 1312 est
697 1253 796 1313 herba
810 1255 951 1330 coronis,

168 1334 271 1412 Atque
285 1350 355 1392 suos
368 1334 471 1412 potuit
484 1332 591 1394 dicere
607 1354 696 1395 nemo
711 1356 807 1400 rosas.

123 1417 152 1478 0
169 1415 285 1477 dilecta
299 1414 381 1490 deis,
403 1419 536 1495 omagni
550 1419 691 1478 Caesaris
706 1422 814 1496 arbor,

69 1515 116 1568 20
165 1501 213 1562 Ne
226 1506 345 1560 metuas
358 1499 477 1558 ferrum
493 1500 723 1582 sacrilegosque
737 1503 833 1564 iocos.

121 1586 298 1665 Perpetuos
312 1600 440 1663 sperare
455 1581 534 1644 licet
548 1587 605 1644 tibi
620 1585 741 1646 frondis
756 1587 909 1647 honores:

165 1669 233 1729 Non
248 1667 452 1747 Pompeianae
468 1674 500 1726 te
514 1687 648 1748 posuere
663 1689 776 1731 manus.
845 1740 848 1746 p

442 1865 445 1872 -
522 1837 613 1899 axu.
695 1889 696 1894 ι
748 1907 752 1916 ,

121 1949 245 2009 Tinctis
259 1951 377 2010 murice
391 1951 528 2012 vestibus
545 1949 628 2028 quod
644 1952 726 2012 omni

119 2033 165 2093 Et
177 2040 269 2093 nocte
286 2034 384 2098 utitur
398 2041 432 2095 et
447 2032 498 2094 die
511 2032 688 2112 Philaenis,

120 2117 191 2176 Non
206 2123 255 2176 est
270 2119 430 2178 ambitiosa
443 2136 502 2177 uec
518 2119 666 2197 superba:

120 2198 303 2261 Delectatur
318 2200 431 2278 odore,
452 2219 514 2260 non
527 2199 642 2259 colore.

507 2363 612 2426 Llllll.

120 2475 172 2537 Ad
187 2496 294 2538 cenam
307 2481 438 2541 invitant
453 2499 560 2540 omnes
572 2488 621 2559 te,
644 2476 786 2559 Phoebe,
809 2478 939 2542 cinaedi.

163 2561 306 2624 Mentula
321 2583 411 2643 quem
427 2566 543 2645 pascit,
563 2584 641 2644 non,
662 2572 757 2645 pato,
778 2584 873 2646 purus
887 2565 978 2624 homo
994 2570 1052 2627 est.

507 2725 614 2789 LXlV.

117 2833 267 2895 Herculis
282 2836 314 2894 iu
328 2837 429 2914 magni
445 2836 547 2897 voltus
562 2834 754 2896 descendere
770 2836 884 2895 Caesar

163 2916 313 2996 Dignatus
327 2920 434 2980 Latiae
450 2919 503 2981 dat
517 2931 594 2981 nota
608 2919 725 2999 templa
738 2921 820 2997 viae,

117 3003 188 3079 Qua
204 3001 329 3062 'l'riviae
343 3021 506 3065 nemoroso
520 3006 601 3084 petit
615 3002 686 3064 dum
701 3022 798 3083 regns
810 3004 925 3081 viator,

163 3084 311 3145 Octavum
328 3085 450 3147 domino
465 3107 598 3148 marmor
613 3089 650 3146 ab
665 3089 743 3148 urbe
757 3087 844 3168 legit.
921 3083 924 3089 ’

83 3169 204 3236 5Ante
219 3167 381 3230 colebatur
394 3173 473 3231 votis
490 3177 521 3232 et
538 3171 802 3251 sanguinelargo,

160 3251 314 3314 Maiorem
330 3253 461 3314 Alciden
476 3275 557 3316 nunc
570 3258 671 3316 minor
685 3257 752 3336 ipse
768 3254 851 3318 colit.

111 3337 210 3398 Hunc
225 3356 348 3416 magnas
363 3338 547 3416 rogat-alter
564 3357 656 3420 opes,
677 3345 767 3416 rogat
781 3335 861 3398 alter
876 3336 1032 3410 honores3

158 3418 208 3480 llli
225 3439 351 3482 securas
366 3430 437 3483 vota
450 3423 569 3482 minora
583 3421 669 3482 facit.
