2392 3888
425 205 469 271 M.
484 204 578 267 VAL.
594 203 820 264 MARTIALlS

546 405 709 467 LXXVIII.

186 520 283 581 Potor
296 515 427 596 nobilis,
449 516 544 591 Aule,
565 515 682 576 lumine
697 533 758 574 uno

185 604 303 663 Luscus
317 602 422 680 Phryx
436 607 504 660 erat
519 599 679 677 alteroque
692 598 804 678 lippus.

186 687 268 748 Huic
282 687 383 746 lleras
398 684 535 744 medicus
548 685 661 761 „Bibas
678 689 801 742 cavetoa

187 771 300 833 Vinum
314 771 340 829 si
355 770 489 846 biberis,
510 767 589 826 nihil
604 765 755 839 videbis.“

163 854 303 914 5Ridens
316 854 422 932 Phryx
435 849 524 912 oculo
537 850 708 929 ,ΝιΙιιΙιίιιι
722 849 831 927 inquit.
846 917 854 932 .

187 938 316 999 Misceri
330 939 389 997 sibi
402 936 544 1016 protinus
559 934 712 1011 deuncos,

188 1020 251 1082 Sed
265 1023 393 1082 crebros
407 1022 502 1082 iubet.
529 1019 653 1079 Exitum
668 1016 824 1096 requiris?

185 1106 299 1168 Vinum
312 1106 433 1184 Phryx,
455 1100 562 1163 oculus
576 1104 656 1163 bibit
670 1117 828 1162 venenum.

554 1264 688 1325 LXXIX.

187 1376 301 1436 Tristis
316 1393 350 1436 es
368 1382 401 1435 et
412 1373 505 1450 felix;
527 1377 604 1437 sciat
617 1378 676 1437 hoc
689 1376 827 1439 Fortuna
842 1384 967 1438 cavetur

226 1460 381 1538 Ingratum
397 1458 481 1520 dicet
494 1464 544 1537 te,
566 1461 669 1540 Lupe,
691 1463 718 1521 si
733 1462 849 1521 scierit.

178 1609 197 1642 ⁶
443 1645 446 1652 ·
562 1622 682 1684 LXXX.

183 1734 228 1797 Ut
241 1753 319 1794 nove
332 1732 413 1793 dona
426 1733 499 1812 tibi,
522 1734 653 1812 Caesar,
675 1735 808 1796 Nilotica
822 1736 914 1797 tellus

227 1817 360 1878 Miserat
373 1818 519 1877 hibernas
534 1819 693 1878 ambitiosa
708 1838 810 1897 rosas,

184 1901 292 1961 Navita
307 1901 418 1961 derisit
430 1901 561 1960 Pharios
575 1901 794 1983 Memphiticus
810 1905 933 1980 hortos,

225 1985 320 2045 Urbis
334 1992 369 2045 ut
381 1986 507 2045 intravit
519 1984 624 2044 limina
641 1989 739 2066 prima
753 1993 833 2048 tuae.

165 2069 306 2130 5Tontus
320 2071 403 2129 veris
417 2070 515 2128 honos
530 2074 563 2128 ct
577 2068 690 2129 odorae
706 2071 804 2148 gratia
815 2069 948 2149 Florae,

227 2152 388 2232 Tantaque
402 2153 545 2213 Paestani
559 2150 658 2232 gloria
672 2155 754 2214 ruris
770 2162 846 2215 erat.

185 2237 237 2297 Sic
251 2256 432 2316 quacunque
449 2256 541 2316 vagus
555 2255 756 2316 gressumque
771 2237 936 2316 oculosque
951 2239 1103 2320 ferebat,

228 2320 407 2381 Tonsilibus
422 2322 515 2380 sertis
530 2339 620 2380 omne
633 2323 765 2381 rubebat
782 2323 852 2382 iter.

188 2405 228 2466 bt
241 2410 276 2464 tu
290 2405 443 2464 Romanae
459 2405 558 2464 iussus
572 2407 632 2464 iam
648 2405 762 2465 cedere
775 2408 917 2481 brumae,

143 2496 178 2549 lo
224 2487 319 2547 Mitte
334 2494 400 2546 tuas
414 2506 547 2567 measse,
569 2490 689 2568 accipe,
710 2488 795 2567 Nile,
819 2507 912 2549 rosas.
1028 2495 1035 2504 ‘

550 2637 684 2698 LXXXl.

162 2815 166 2822 ,
184 2747 282 2808 Iratus
295 2752 439 2825 tanquam
456 2745 587 2826 populo,
609 2748 811 2828 Charidemc,
831 2747 959 2809 lavaris:

224 2831 350 2909 lngnina
364 2831 408 2890 sic
423 2836 489 2890 toto
505 2830 622 2891 subluis
635 2833 668 2891 in
683 2831 770 2893 solio.

182 2913 247 2973 Nec
262 2919 352 2993 caput
366 2915 417 2973 hic
435 2912 546 2974 vellem
562 2917 606 2975 sic
621 2922 672 2993 te,
695 2914 897 2992 Charidcme,
913 2913 1044 2996 lavare3

227 2998 269 3055 Et
284 3002 390 3076 caput,
412 3016 503 3076 ecce,
523 2997 621 3058 lavas:
642 3001 768 3078 inguina
782 2998 861 3059 malo
877 2998 971 3058 laves.

542 3146 689 3207 LXXXll.

183 3256 312 3331 Quidam
326 3276 376 3316 me
390 3257 497 3335 modo,
516 3259 613 3338 Rufe,
636 3259 803 3337 diligenter

181 3338 372 3418 Inspectum,
393 3339 478 3400 velut
492 3348 613 3422 emptor
628 3349 679 3402 aut
691 3341 819 3422 lanista,

182 3420 259 3479 cnm
274 3422 359 3482 voltu
374 3421 532 3502 digitoque
546 3426 757 3505 subnotatam,
