2528 3876
118 242 180 306 θῶ
242 234 245 238 ’
440 237 836 304 M.vs1..brrisiisi.rs

617 441 665 502 lll.

203 556 310 617 Omnis
323 557 357 616 iu
373 556 433 616 hoo
445 554 555 634 gracili
569 555 739 616 Χιιιιιιιιιιιι
754 556 846 615 turbo
859 552 969 616 libello

246 640 410 700 Constabit
422 640 553 700 nummis
568 646 715 719 quattuor
729 644 833 720 erupto
845 639 915 701 tibi.

204 725 357 802 Quattuor
374 727 423 783 est
436 724 585 782 nimium?
606 725 725 803 poterit
742 728 885 784 constare
900 721 1038 801 duobus,

245 809 287 868 Et
300 807 395 868 faciet
408 805 529 867 luorum
542 805 711 887 bibliopola
725 807 886 888 Tryphon.

182 892 293 954 tlloeo
306 890 383 952 licet
396 891 570 971 hospitibus
584 910 642 971 pro
656 909 785 951 munere
803 889 936 951 disticho
950 893 1073 969 mittes,

248 975 283 1036 Si
297 977 355 1036 tibi
372 983 433 1035 tom
448 993 551 1052 rurus,
578 994 668 1052 quam
683 975 774 1052 mihi,
797 994 937 1034 ιιιιιιιιιιιιι
952 976 1024 1035 erit.

205 1058 323 1121 Addita
335 1077 394 1140 per
408 1056 517 1119 titulos
537 1076 591 1118 suo
605 1059 732 1118 nomino·
742 1060 835 1119 rebus
849 1059 997 1120 habebis:

244 1143 447 1221 Praetereas,
470 1143 495 1202 si
511 1140 585 1221 quid
599 1161 661 1202 nou
675 1141 751 1202 iacit
765 1141 802 1201 od
818 1144 1017 1204 stomachum.

566 1290 616 1349 lV.
647 1288 719 1348 'lire
814 1287 820 1297 '

205 1402 300 1464 Serus
314 1407 349 1462 ut
363 1401 520 1462 aetheriae
536 1399 739 1466 Germanicus
754 1403 887 1481 imperet
902 1399 991 1462 ouloe

245 1487 351 1566 thue
366 1484 419 1546 diu
431 1486 544 1564 terris,
567 1484 606 1545 (lo
621 1487 673 1567 pio
687 1493 757 1545 turo
771 1485 841 1545 lovi.

559 1637 597 1698 V.
617 1637 719 1717 ἦρεν.

207 1748 399 1825 Οοιειιιιιιιε
415 1745 519 1827 patulo
535 1746 621 1807 lucet
633 1745 766 1806 iicedulo
782 1744 903 1824 lumbo,

248 1831 324 1891 Cum
339 1831 397 1890 tibi
411 1837 496 1891 sorte
513 1829 620 1909 (latur,
642 1831 669 1890 si
683 1833 781 1910 sapis,
805 1828 884 1890 otltle
898 1831 999 1910 piper.

545 1964 596 2026 Vl.
619 1962 743 2026 Heliou.

205 2078 267 2139 Nos
281 2077 427 2154 helicem,
448 2077 565 2156 poterit
579 2073 711 2136 mulsum
724 2073 783 2136 tibi
797 2075 921 2136 mittere
938 2074 1035 2139 dives.

246 2161 280 2222 Si
296 2162 352 2221 tibi
368 2159 505 2222 noluerit
519 2160 645 2232 mittere
661 2159 762 2237 dives,
783 2159 876 2221 erues.

476 2345 478 2350 .
552 2294 616 2356 Vll.
640 2293 738 2354 Faba.

205 2407 239 2468 Si
254 2415 376 2488 spumet
390 2409 483 2468 rubro
498 2407 623 2468 oonohis
641 2406 699 2466 tibi
713 2400 829 2486 pellitis
843 2409 940 2482 testo,

245 2493 411 2553 Lautorum
426 2491 511 2552 cenis
526 2507 618 2572 saepe
632 2507 747 2568 negare
761 2494 860 2568 potes.

553 2624 631 2686 Vlll.
654 2623 729 2684 Far.

203 2739 307 2806 Imbue
322 2687 460 2820 plebeios
476 2734 612 2797 Clusinis
628 2734 764 2816 pultibus
779 2731 876 2810 ollas,

245 2825 289 2885 Ut
307 2830 390 2885 satur
405 2822 437 2881 iu
452 2821 554 2881 voouis
571 2817 672 2880 dulcio
685 2824 783 2878 musta
797 2817 892 2878 bibes.

559 2955 609 3016 lX.
630 2951 722 3014 Lens.

204 3070 321 3150 Accipe
335 3066 508 3146 Niliocom‚.
523 3068 648 3130 Pelusio
659 3065 806 3144 ἰἰιιιιιοιι,
828 3064 962 3125 lentem:

248 3153 349 3218 Vilior
365 3159 414 3214 est
429 3151 547 3232 helios,
570 3153 672 3214 carior
686 3150 740 3211 illo
756 3151 836 3212 fobu.

554 3285 591 3348 X.
615 3283 734 3346 Simila.

203 3395 269 3454 Neo
283 3396 374 3456 dotes
388 3398 507 3458 similae
529 3401 630 3478 possis
645 3386 809 3457 numerare
823 3413 883 3456 uec
898 3413 986 3469 usus,

244 3476 359 3536 Pistori
376 3481 492 3539 totiens
506 3497 574 3540 oum
589 3483 630 3540 sit
645 3485 678 3539 et
694 3486 764 3559 apto
778 3499 861 3540 coeo.
