2500 3912
476 207 684 256 PRAEFATIO.
985 209 1071 256 xxtx

92 349 192 408 iabnius
205 349 284 406 istem
296 350 404 420 scripsit,
423 351 498 405 tuitus
515 366 569 405 sum
579 351 669 406 Vindic.
683 366 706 421 p.
720 351 862 413 14;eodem
873 365 929 406 vero
943 358 1041 406 auctore
1050 367 1072 409 v.
1141 405 1145 412 ,
1204 355 1208 404 t

93 439 145 494 106
155 433 329 506 taemnpro
348 435 440 488 icoecrrt
456 434 558 490 libenter
574 434 697 504 rescripsi,
717 447 763 488 nec
780 449 802 488 r.
814 438 968 492 118—121
986 436 1073 490 rectius

92 517 188 572 consuli
199 517 325 572 arbitratus
339 531 402 582 sunt,
414 531 485 588 quam
496 525 523 571 ut
539 523 632 572 servato
644 517 727 588 optimi
739 517 829 572 codicis
839 515 922 572 ordine
932 517 1006 572 iabnii
1017 533 1074 573 con·

91 601 212 656 iecturam
223 607 270 655 tran
280 599 318 656 cel
327 615 370 670 pro
381 607 437 654 tnnc
446 607 495 665 ert,
514 599 659 655 Lachmanni
676 617 732 656 corre
742 600 778 655 sis
789 616 832 670 pro
843 599 922 656 meros
932 602 1071 671 reciperem.

92 698 240 756 quamquam
251 683 282 738 de
291 684 389 755 reliquis
398 698 429 737 ne
438 683 463 738 hi
474 683 569 755 quidem
580 684 650 754 piane
666 684 726 740 mihi
736 685 910 740 satisfecerunt.
939 682 990 740 Nec
1000 691 1072 750 cerie

92 766 160 839 qood
176 783 201 820 v.
217 771 266 825 121
278 781 309 822 ex
318 768 399 836 priore
408 765 471 823 Pitb.
483 782 556 822 manu
573 767 734 828 retinuemnt.
748 769 799 827 iam
810 767 882 822 buius
892 774 1013 824 corrector
1023 769 1074 824 iure

91 866 138 906 suo
155 851 248 905 tnrnm
264 856 370 906 motasse
386 851 492 914 videtur,
509 867 557 922 quo
576 851 673 906 demum
691 851 755 906 tacto
775 852 837 906 iusta
854 866 909 906 eum
920 853 1074 922 sequentibus

92 935 205 988 iunctura
216 947 260 1002 per
270 934 435 1006 gradationem
447 935 560 997 struitm;
570 949 649 1004 neque
659 941 686 989 nt
696 935 725 990 ad
736 951 792 989 eone
803 935 892 989 reterre
901 936 979 1008 magis
991 935 1074 991 dubito

92 1031 166 1088 qtram
177 1015 263 1072 Cicero
279 1016 397 1072 dubitavit
408 1015 479 1072 orte.
496 1018 516 1070 1.
528 1021 563 1076 39
573 1017 661 1088 aliique
672 1018 734 1086 apud
744 1016 821 1071 Periz.
834 1017 864 1073 ad
880 1016 961 1073 Sanct.
974 1034 999 1086 p.
1013 1022 1072 1086 985,

92 1099 181 1172 quibus
197 1100 260 1155 adde
275 1101 395 1156 comicum
410 1101 474 1171 apud
491 1099 582 1156 Charis.
601 1114 626 1169 p.
643 1102 712 1162 eder
729 1101 823 1170 spurios
840 1107 920 1154 autem
936 1100 1073 1174 priusquam

91 1183 205 1256 singulos
217 1198 301 1238 versus
319 1184 437 1250 iudicem,
454 1184 530 1238 totius
546 1183 593 1238 toci
611 1189 720 1250 tenorem
736 1184 759 1237 in
772 1183 970 1253 disceptationem
980 1200 1072 1251 nocem.

91 1281 166 1338 quem
176 1267 214 1322 sic
223 1268 328 1323 manime
336 1268 423 1323 vellem
433 1267 496 1337 npnd
505 1267 632 1337 probatum
642 1273 729 1324 testem
738 1267 854 1337 seriptum
865 1267 978 1324 inveniri:

177 1349 268 1406 idcireo
290 1358 317 1406 nt
338 1351 435 1424 linques
451 1357 597 1406 ocniennere
611 1351 783 1422 mempiornon

174 1435 273 1505 possis:
292 1435 376 1506 linquo
386 1435 552 1509 mcbnomqne
561 1440 664 1506 estpars
672 1434 858 1505 pmsdncsernr'.

88 1517 117 1571 V.
131 1521 186 1575 143
196 1517 274 1573 tomen
284 1519 393 1583 codices,
410 1519 510 1574 meatem
526 1518 623 1573 Iahnius
635 1533 656 1573 c.
669 1517 817 1580 Heinriohio.
834 1518 921 1574 blanda
931 1520 1018 1588 speeie,
1031 1520 1073 1574 sed

88 1607 186 1671 praeter
196 1603 380 1670 necessitatem,
392 1617 466 1673 quum
477 1601 587 1656 lecticam
598 1601 671 1656 etiam
682 1601 784 1656 conduci
793 1601 889 1656 solitam
905 1616 959 1656 esse
968 1599 1008 1656 vt.
1021 1604 1072 1658 352

88 1686 217 1757 legamus3
228 1699 307 1756 neque
317 1685 375 1741 ittud
387 1683 479 1749 obstat,
491 1685 554 1758 qnod
565 1685 684 1740 Naerolus
694 1700 752 1740 mor
766 1685 909 1740 caelatorem
919 1691 945 1738 et
956 1685 1072 1755 pictorem

89 1768 240 1823 domesticos
257 1767 346 1824 babere
362 1770 441 1840 cupit:
462 1769 485 1824 bi
503 1769 566 1824 enim
582 1768 706 1824 dominum
724 1768 791 1824 alunt
804 1769 884 1838 potius
903 1783 974 1838 qunm
992 1768 1021 1823 ab
1032 1768 1073 1823 illo

90 1852 199 1915 aluntur.
220 1851 336 1908 lectrearii
352 1853 428 1908 multo
445 1853 538 1908 minore
555 1853 662 1922 impensa
679 1852 847 1907 conducuntur
861 1865 933 1922 quam
950 1851 1015 1906 domi
1031 1867 1073 1921 pa-

88 1941 199 1990 suuntur.

174 2018 229 2075 Lib.
241 2017 281 2074 IV.
294 2016 344 2074 Sat
355 2017 386 2074 X.
397 2035 420 2074 v.
429 2023 463 2078 55
476 2019 540 2091 quod
550 2018 657 2074 incerare
667 2033 723 2072 cum
734 2017 808 2082 tibris,
824 2033 871 2072 non
885 2032 942 2072 cum
952 2016 1073 2089 Madvigio

90 2108 114 2158 et
120 2101 205 2158 lahnio
212 2103 317 2158 incerare
325 2104 418 2174 scripsi,
429 2103 554 2172 Vindicp.
563 2105 597 2162 16
604 2101 712 2172 pluribus
721 2102 866 2157 vindicatum
873 2107 923 2163 est:
936 2099 1073 2174 ibidemque

89 2202 111 2240 r.
123 2178 240 2243 tto'sint
250 2200 294 2256 pro
304 2192 360 2241 ssent
372 2192 398 2242 et
408 2202 431 2242 n.
443 2190 494 2246 365
504 2185 569 2242 obest
579 2199 623 2255 pro
634 2185 704 2241 bobes
715 2185 839 2242 Pithcesni
855 2191 921 2239 certe
931 2185 1074 2240 auctoritate

91 2269 204 2334 deiendi;
216 2269 319 2324 eunden
333 2275 477 2325 tamenutu
485 2271 519 2328 io
529 2267 648 2324 indintbes
659 2274 701 2323 aut
710 2284 733 2322 r.
741 2271 776 2326 93
786 2273 886 2338 mpero
897 2265 1024 2322 scribendo
1036 2283 1073 2324 se-

91 2368 184 2424 querer,
195 2351 309 2408 neiabnii
316 2352 413 2424 quidem
419 2351 556 2420 exemplum
562 2351 645 2412 movit.
657 2347 932 2421 becuminem
943 2355 1074 2409 animanti

90 2437 186 2508 reposo
196 2434 518 2493 huicooueedeudumduxi.
536 2432 708 2490 Proindiciber
719 2433 1074 2491 iamsecnnmnannstndntn

91 2521 202 2584 restitum
214 2534 262 2576 nec
271 2520 343 2576 tacite
353 2518 482 2592 inteutgns,
497 2517 620 2591 quomodo
627 2517 719 2573 delator
729 2517 788 2572 alios
797 2523 919 2587 praeterea
929 2517 1022 2575 indices
1033 2521 1074 2576 ad-

90 2604 186 2672 hibeat,
202 2604 245 2676 qui
262 2619 311 2660 non
327 2619 385 2660 mox
401 2601 493 2658 testium
509 2603 607 2659 nondue
624 2600 868 2672 comprehendentem
884 2594 978 2658 indicio
994 2611 1073 2660 autem

92 2704 144 2743 rum
155 2685 257 2744 tartidate
268 2689 348 2743 iuncta
367 2688 414 2743 duo
430 2687 469 2743 itta
488 2687 656 2758 probationum
671 2699 761 2756 genera
774 2685 897 2752 referunt,
910 2701 972 2759 quae
981 2693 1074 2742 veteres

92 2765 216 2840 ceipene
229 2778 255 2826 et
263 2763 378 2841 ἀτέχνου
388 2764 544 2831 mendcans
554 2769 678 2826 vocabulis
689 2769 874 2840 descripsemut,
886 2771 1011 2843 multoque
1019 2787 1074 2841 pro·

92 2855 174 2912 dirior
185 2854 295 2930 amiton
306 2854 463 2912 adindicidcs
479 2854 560 2926 lapsus
571 2854 629 2919 tuit,
648 2868 720 2926 quam
736 2853 860 2910 librarium
870 2854 901 2908 ab
911 2853 1030 2909 indicibus
1044 2855 1074 2911 ad

93 2939 191 2996 doctum
206 2938 266 2994 illud
282 2937 424 2994 indicioncn
440 2937 567 2994 discrimen
584 2937 706 2992 aberrasse
720 2945 908 2994 consentaneum
924 2938 964 2993 sit.
999 2938 1026 2995 V.
1040 2943 1074 2998 93

93 3031 215 3096 mpustmn
226 3021 373 3092 Caprearum
389 3037 474 3092 rupem
485 3023 525 3093 qui
536 3023 696 3092 scripserunt.
712 3021 815 3077 ironiam
826 3027 989 3093 captaverunt,
1002 3038 1073 3094 quarn

94 3113 170 3162 tamen
187 3121 268 3178 neque
285 3106 310 3160 in
325 3105 536 3162 rmnnnvoeabnto
551 3119 629 3176 neque
644 3105 669 3161 in
686 3121 758 3178 qrcqe
768 3104 887 3162 Cboideec
903 3107 1073 3178 agnoscimus:

95 3185 183 3262 erigus
191 3191 270 3262 igitur
279 3189 412 3246 mutatione
423 3204 479 3244 cum
486 3187 609 3260 Rupertio,
624 3189 769 3252 Heinricbio,
778 3189 884 3246 Webero
894 3197 997 3262 nepotc
1006 3206 1074 3261 prae·

96 3273 149 3338 tuli,
170 3273 237 3346 quod
258 3273 330 3328 etiam
346 3273 398 3328 siue
408 3273 540 3328 muitomm
556 3273 667 3328 codicum
683 3272 822 3328 adiumento
833 3275 970 3329 coniectura
981 3275 1073 3346 assequi

97 3355 193 3422 testam
208 3356 342 3428 eademque
352 3371 423 3414 causa
434 3363 472 3412 est
481 3372 504 3412 v.
515 3360 576 3422 217,
587 3356 629 3412 obi
639 3355 668 3412 in
677 3363 733 3427 post
742 3356 790 3412 iarn
800 3357 872 3413 simili
884 3357 935 3412 eius
946 3358 1020 3414 errori
1031 3357 1073 3412 tri·

99 3437 152 3504 buo.
164 3442 206 3514 qui
216 3441 291 3496 etiam
300 3456 324 3497 n.
337 3444 379 3500 36.
390 3440 424 3498 37
436 3447 492 3511 post
497 3447 631 3511 memorem
641 3447 668 3494 et
677 3439 797 3494 solomon
808 3441 1009 3510 praepositionem
1019 3453 1075 3508 per·

100 3535 174 3588 teram
187 3525 298 3588 intremit:
310 3525 389 3580 solum
401 3532 467 3579 certe
473 3522 602 3578 ablativum
615 3524 639 3576 in
655 3523 705 3591 pari
717 3523 896 3575 constructione
907 3521 1022 3575 habemus
1032 3521 1073 3578 Vl.
