2528 3876
375 786 421 858 Μ.
442 783 548 858 VAL.
570 778 826 858 MARTIALIS

288 954 915 1052 niliiauniiini

490 1137 702 1200 nanumv.

411 1323 798 1406 Apophoreta

591 1475 612 1534 1.

166 1587 371 1668 Synthesibus
387 1584 457 1645 dum
473 1583 697 1665 gaudet'equen
711 1583 913 1664 dominusque
928 1592 1053 1651 senator

207 1671 348 1749 Dumque
363 1669 476 1742 deceni
491 1676 629 1729 nestrum
640 1666 728 1748 'pilea
741 1676 860 1750 sumpta
874 1670 992 1743 lovem;

165 1754 230 1816 Nee
243 1756 334 1816 timet
346 1751 479 1815 aedilem
495 1758 577 1812 muto
592 1753 874 1833 spectareiritillo,

210 1840 286 1899 Cum
302 1836 406 1898 videat
421 1835 541 1916 gelidos
558 1842 618 1898 tam
633 1855 732 1918 prope
747 1855 841 1898 verna
855 1837 954 1900 lucus:
977 1897 981 1904 .

143 1921 278 1984 anivitis
294 1921 428 1982 alternas
445 1928 478 1981 et
492 1923 636 2000 pauperis
652 1922 757 2001 accipe
767 1928 891 1982 sortes:
913 1919 918 1925 ’

205 2007 346 2066 Praemia
360 2006 504 2066 convivae
521 2002 596 2066 dent
609 2024 663 2064 sue
678 2007 807 2082 quisque
822 2021 886 2067 sun.

164 2089 265 2167 „Sunt
280 2090 388 2169 apinae
402 2089 562 2166 tricaeque
577 2094 610 2147 et
623 2089 650 2148 si
666 2086 739 2166 quid
752 2086 841 2150 vilius
855 2089 962 2152 istis.“'

209 2172 285 2249 Quis
299 2171 422 2231 nescit?
442 2169 494 2231 vel
510 2173 578 2250 quis
596 2178 658 2231 tam
675 2172 838 2232 manifeste
851 2175 967 2251 negati

166 2255 229 2315 Sed
245 2255 319 2334 quid
334 2274 419 2333 agam
433 2255 536 2334 potins
551 2252 697 2332 madidis,
719 2254 868 2334 Saturne,
890 2255 1016 2335 diebus,

128 2349 162 2402 10
209 2339 293 2416 Quos
309 2340 367 2399 tibi
380 2358 438 2418 pro
455 2337 540 2398 caelo
554 2337 638 2398 iilius
652 2341 720 2418 ipse
735 2337 846 2398 dedita

164 2423 220 2486 Vis
235 2424 365 2483 scribam
382 2422 507 2482 Thebas
522 2422 685 2483 Troiamve
700 2419 832 2482 malasve
847 2423 995 2502 Mycena
1002 2427 1017 2484 '1

208 2504 317 2584 „Lude
324 2507 356 2583 ‚“
375 2507 494 2584 inquis,
510 2507 704 2584 „,nueibns“=
725 2504 861 2586 perdere
875 2506 950 2567 nolo
964 2521 1067 2572 nuces.

166 2735 233 2812 Quo
248 2735 294 2794 vin
310 2754 431 2815 cunque
444 2734 515 2797 loeo
530 2641 718 2818 polignam
731 2737 823 2798 finire
835 2735 987 2800 libellum.

207 2818 358 2881 Versibus
373 2817 552 2899 explicitum
568 2827 616 2883 est
630 2837 720 2881 amne
736 2819 854 2882 dnobus
870 2841 955 2902 opus.

9 2955 14 3120 ᾇ

163 3049 321 3110 Lemmata
336 3051 363 3110 si
377 3052 500 3128 qnaeris
515 3071 569 3126 ¹cur
584 3053 646 3112 sint
662 3054 811 3133 ascripta,
831 3050 966 3115 docebo:

205 3134 266 3211 Ut,
286 3135 312 3193 si
328 3132 492 3212 malueris,
510 3132 655 3196 lemmata
668 3135 733 3198 sole
745 3135 841 3217 legen.

420 3260 470 3324 lli.
494 3261 671 3344 Pugillares
686 3264 782 3324 citrei.

165 3341 257 3416 Secta
271 3357 332 3418 uisi
347 3358 378 3417 in
394 3366 505 3419 tenues
520 3377 656 3420 essemus
670 3358 754 3436 ligna
769 3357 916 3437 tabellas,
935 3375 938 3382 ’

204 3439 350 3502 Essemus
364 3441 473 3524 Libyci
488 3441 594 3504 nubile
609 3441 713 3503 dentis
730 3460 815 3504 onus.

162 3521 269 3598 Manu.
872 3524 913 3588 ul.
