2474 3906
373 666 419 739 ιι.
450 667 552 740 vai.
579 668 835 774 nanninus

287 833 940 941 lilioluttl'itlt

416 1115 420 1122 A
477 1033 659 1098 ‘arcun
686 1039 707 1098 1.

214 1153 317 1272 Spero
332 1209 381 1250 me
399 1197 538 1250 secutum
551 1191 584 1249 in
595 1189 713 1250 libellis
728 1191 804 1250 meis
820 1190 882 1250 tale
897 1199 1122 1273 temperamen-

124 1283 207 1352 tum,
236 1282 270 1335 ut
296 1274 334 1334 de
361 1273 425 1334 illis
455 1276 543 1353 queri
566 1294 628 1332 non
645 1277 744 1356 possit
765 1277 902 1354 quisquis
924 1275 963 1336 de
985 1296 1019 1336 sc
1041 1279 1121 1338 bene

124 1360 276 1437 senserit,
305 1380 381 1432 cum¹
394 1358 475 1418 salva
493 1359 665 1418 infimarum
683 1378 805 1438 quoque
818 1379 1018 1440 personarum
1034 1381 1122 1422 reve-

124 1445 228 1504 rentia
247 1442 372 1518 ludant3
400 1462 477 1522 quac
500 1441 576 1502 adeo
598 1445 731 1522 antiquis
752 1445 926 1504 auctoribus
949 1445 1064 1523 defuit,
1088 1454 1123 1505 nt

98 1530 299 1593 5nominibus
320 1547 381 1587 non
401 1534 518 1587 tantum
538 1528 620 1586 veris
642 1529 726 1587 abusi
747 1529 833 1604 sint,
859 1527 914 1588 sed
941 1535 972 1588 et
995 1531 1119 1608 magnis,

125 1613 207 1674 Mihi
228 1613 308 1671 fama
325 1609 413 1671 vilius
438 1618 559 1672 constet
582 1619 614 1671 et
635 1613 786 1690 probetur
806 1612 838 1670 in
857 1631 906 1671 me
927 1615 1122 1673 nouissimum

124 1699 292 1775 ingenium.
334 1697 424 1756 Absit
452 1715 468 1753 a
487 1697 625 1756 iocorum
646 1703 821 1754 nostrorum
841 1693 1039 1776 simplicitate
1061 1719 1123 1757 ma-

125 1781 228 1860 lignus
247 1783 403 1860 interpres
423 1797 482 1839 nec
504 1781 721 1860 epigrammata
738 1799 805 1840 mea
819 1782 944 1842 scribat.
981 1782 1122 1861 lmprobe
1233 1761 1234 1794 ³

124 1866 203 1924 iacit
215 1867 266 1944 qui
278 1866 310 1924 in
322 1863 421 1924 alieno
432 1863 513 1924 libro
525 1865 701 1943 ingeniosus
713 1871 771 1926 est.
791 1865 947 1924 Lascivam
959 1866 1122 1924 uerborum
1233 1863 1234 1878 l

77 1951 306 2027 loveritatem,
326 1948 360 2008 iol
382 1956 430 2007 cst
449 1951 689 2028 epigrammaton
708 1947 857 2026 linguam,
881 1967 1074 2026 excusarem,
1097 1951 1122 2007 si

126 2053 228 2093 meum
241 2039 326 2094 esset
346 2031 535 2112 exemplum:
564 2035 608 2092 sic
624 2034 732 2094 scribit
747 2032 902 2110 Catullus,
931 2034 975 2092 sic
989 2033 1123 2108 Marsus,

126 2119 174 2178 sic
191 2117 294 2194 Pedo,
320 2119 364 2177 sic
385 2115 579 2194 Gaetulicus,
614 2118 657 2176 sic
678 2117 852 2196 quicunque
871 2113 1054 2196 perlegitur.
1091 2117 1123 2176 Si

127 2203 197 2279 quis
216 2208 318 2261 tamen
340 2209 401 2261 tam
422 2202 582 2261 ambitiose
603 2201 703 2261 tristis
723 2207 786 2278 est,
820 2207 856 2269 ut
883 2199 963 2280 apud
983 2199 1071 2259 illum
1091 2202 1122 2259 in
1233 2225 1234 2228 ¹

126 2284 212 2346 nulla
223 2288 334 2366 pagina
346 2284 443 2345 latine
457 2284 544 2364 loqui
557 2285 603 2344 fas
619 2285 675 2359 sit,
695 2290 801 2364 potest
817 2282 949 2364 epistola
963 2282 1012 2342 uel
1023 2286 1124 2363 potius

78 2369 219 2435 l5titulo
233 2375 397 2430 contentus
418 2388 497 2429 esse.
533 2369 761 2448 Epigrammata
775 2366 838 2426 illis
851 2369 1044 2444 scribuntur,
1073 2370 1123 2446 qni

127 2452 233 2514 solent
263 2461 406 2535 spectare
435 2452 589 2514 Florales.
637 2452 705 2511 Non
738 2452 836 2511 intret
862 2451 938 2511 Cato
969 2451 1123 2511 theatrum

126 2557 244 2616 meum,
273 2544 325 2598 aut
342 2539 367 2597 si
380 2539 559 2614 intraverit,
582 2542 711 2616 spectet.
745 2534 864 2598 Videor
885 2536 958 2594 mibi
974 2554 1042 2595 meo
1057 2538 1123 2595 iure

126 2625 282 2699 facturus,
307 2624 332 2682 si
348 2620 509 2702 epistolam
527 2623 666 2682 versibus
682 2619 820 2680 clusero:

170 2773 284 2832 Nosses
297 2773 420 2832 iocosae
436 2770 527 2832 dulce
543 2792 611 2831 cum
626 2792 744 2831 sacrum
758 2771 870 2833 Florae

170 2859 344 2935 Festosque
358 2855 444 2916 lusus
458 2863 490 2916 et
502 2855 660 2915 licentiam
676 2855 776 2935 volgi,

93 2961 98 2976 ¹
171 2942 235 3001 (lur
248 2943 280 3000 in
296 2941 467 3018 theatrum,
491 2941 567 3000 Coto
583 2958 707 3018 severe,
729 2941 863 3000 venisti?

173 3026 217 3084 An
230 3023 301 3084 ideo
315 3031 432 3084 tantum
446 3043 590 3100 veneras,
612 3031 646 3082 ut
661 3026 784 3084 exires?

593 3159 614 3218 l.

254 3272 314 3330 llic
331 3280 379 3330 est
394 3291 483 3351 quem
498 3272 577 3350 legis
590 3269 664 3348 ille,
688 3290 778 3350 quem
790 3269 941 3350 requiris,

255 3356 338 3415 Toto
352 3363 443 3416 notus
457 3359 488 3416 in
504 3356 579 3415 orbe
594 3352 748 3415 Martialis

255 3441 381 3518 Argutis
398 3443 637 3521 epigrammaton
651 3437 782 3497 libellis:
