2392 3888
135 130 197 196 15⁰
456 127 501 188 M.
516 126 606 188 VAL.
622 125 849 187 MARTIALIS

217 284 313 357 Quom
327 277 378 338 vel
393 277 432 338 sd
446 276 576 338 Aetolae
590 296 729 338 securem
744 277 879 358 cuspidis
894 281 975 342 ictus

260 364 375 424 Texuit
387 363 541 422 innumeri
554 360 692 421 lubricus
706 363 816 440 unguis
832 365 915 442 opri:

195 447 309 512 5Felix
322 453 407 507 sorte
422 451 491 522 tue,
514 464 633 506 socrum
649 446 697 505 oui
712 452 841 524 tongere
855 453 964 526 pectus

257 531 318 592 Fas
334 530 396 589 erit
410 536 444 589 et
456 529 555 589 nostri
570 536 674 590 mente
688 526 793 590 celere
808 528 868 590 dei.

216 617 230 677 Ι
245 633 347 676 comes
361 620 395 673 et
408 631 533 692 magnos
546 610 657 678 illaeso
668 631 791 674 merere
806 614 980 694 triumphos

259 697 475 775 Palmataeque
491 695 616 776 ducem,
638 693 694 755 sed
709 697 788 775 cito,
809 695 908 756 redde
924 701 1025 776 togse.

628 829 677 891 ΙΙΙ.

221 903 283 1009 Cur
298 965 361 1006 nou
374 946 463 1005 mitto
481 961 565 1004 meos
583 945 657 1021 tibi,
679 942 871 1020 Pontidiune,
893 941 1048 1005 libellos?

261 1032 307 1091 Ne
322 1030 397 1089 mihi
410 1034 445 1088 tu
464 1030 582 1105 mittes,
603 1025 796 1106 Pontilieue,
818 1033 896 1090 tuos.

627 1160 678 1221 IV.

220 1277 327 1352 Esset,
350 1273 505 1350 (latrice,
528 1291 595 1332 cum
613 1268 686 1331 meli
701 1270 831 1350 coloris,

220 1358 338 1421 Versus
353 1358 492 1417 scribere
505 1357 609 1436 coepit
623 1355 788 1436 Oppianus.

640 1487 677 1550 V.

223 1605 256 1665 Si
271 1603 476 1680 desiderium,
499 1603 628 1679 Caesar,
649 1599 819 1682 populique
834 1607 1020 1681 petrumque

263 1688 405 1766 Respicis
421 1693 453 1747 et
467 1686 574 1747 Latiae
591 1685 700 1764 gaudio
714 1692 909 1764 ventoque,

222 1770 331 1832 Redde
348 1769 438 1830 deum
451 1771 530 1830 votis
547 1771 762 1850 poscentibus:
783 1768 903 1829 invidet
914 1769 998 1828 hosti

262 1855 359 1914 Romu
373 1874 442 1931 suo,
461 1855 564 1914 veniat
581 1852 688 1913 laureo
705 1853 799 1913 mults
810 1852 896 1915 licet.

201 1940 394 2001 5Terrorum
410 1937 564 1998 domiuum
578 1938 705 2017 propius
719 1936 805 1998 videt
818 1934 889 2014 ille,
909 1943 1028 2014 tuoque

264 2023 418 2082 Terretur
432 2021 517 2082 voltu
529 2022 677 2081 barbarus
693 2027 725 2081 et
739 2021 860 2081 fruitur.

609 2153 699 2230 'vra
786 2171 798 2194 ⁰

195 2333 201 2346 .
222 2283 343 2363 Ecquid
357 2281 571 2363 Hyperboreis
585 2279 625 2342 ud
639 2301 695 2341 uos
711 2301 876 2343 conversus
892 2282 929 2342 ab
944 2282 1011 2342 oris

263 2369 413 2428 Ausonius
428 2367 541 2426 Caesar
554 2365 615 2424 iam
628 2371 717 2444 paret
730 2369 778 2426 ire
792 2366 877 2426 vius?

223 2451 336 2510 Certus
350 2452 439 2509 obest
452 2454 575 2526 auctor,
598 2447 655 2509 sed
669 2470 727 2510 vox
741 2451 800 2510 hoc
815 2450 940 2510 nunciat
955 2452 1076 2511 omnis:

266 2532 369 2593 Credo
384 2533 458 2591 tibi:
480 2550 586 2592 verum
601 2531 723 2612 dicere,
745 2535 855 2611 Remu,
876 2533 965 2594 soles.

202 2615 355 2678 5Publicc
368 2616 513 2676 victrices
528 2623 683 2676 testentur
699 2617 807 2696 gaudio
822 2619 963 2694 chartae,

263 2701 378 2761 Martio
390 2697 546 2778 laurigero
560 2699 686 2780 cuspide
699 2700 764 2782 pila
777 2702 886 2762 virent.

221 2786 354 2862 Rursus,
376 2786 423 2863 io,
445 2802 570 2862 magnos
588 2784 698 2845 clamat
711 2787 770 2846 tibi
783 2786 878 2845 Romo
892 2785 1075 2864 triumphos

264 2869 459 2947 invictusque
473 2874 542 2946 tus,
565 2868 696 2946 Caesar,
721 2871 754 2928 iu
769 2871 847 2929 urbe
861 2888 960 2929 sones.
1040 2931 1043 2935 ,

222 2951 287 3012 Sed
299 2953 359 3012 iem
372 2950 511 3012 loetitiae
526 2972 586 3030 quo
602 2953 643 3012 sit
655 2952 769 3014 fiducie
783 2953 896 3030 maior,

180 3045 214 3097 lo
263 3035 449 3096 Sarmaticae
462 3034 566 3096 laurus
578 3037 707 3096 nuncius
720 3036 789 3116 ipse
803 3037 881 3096 veui.

624 3169 689 3232 VH.

219 3280 359 3339 Hiberus
375 3282 509 3359 quumvis
523 3282 635 3342 Arctos
653 3286 687 3341 et
700 3280 786 3341 rudis
801 3281 904 3341 Peuce

218 3361 260 3422 lot
272 3360 453 3440 ungularum
467 3360 608 3442 pulsibus
622 3362 726 3424 culeus
741 3365 851 3424 Hister
