2500 3912
432 201 557 248 SATIRA
580 202 626 247 VI.

65 342 232 402 Gouromit:
251 340 324 400 haec
348 342 424 399 inter
448 349 549 399 nautas
575 350 604 399 et
629 341 752 420 prandet
777 351 806 401 et
824 351 901 402 errat

63 428 115 488 Per
136 444 265 504 puppem
288 434 318 486 et
340 425 430 484 duros
451 426 559 502 gaudet
582 434 708 486 tractare
733 427 881 486 rudentes.

63 512 122 584 Qua
147 520 244 572 tamen
267 508 509 585 exarsitlorma,
535 527 591 587 qua
615 519 700 588 capta
722 511 838 570 iuventa

61 592 174 674 Eppia?
198 592 266 671 quid
287 593 374 668 vidit,
400 602 523 671 propter
548 593 626 672 quod
651 594 728 654 ludia
750 594 806 654 dici

62 674 216 738 Sustinuit?
239 695 303 737 nam
327 676 481 754 Sergiolus
505 679 561 736 iarn
580 677 686 737 radere
709 686 807 755 guttur
1004 692 1052 745 105

62 761 207 841 Coeperat
229 771 259 820 et
280 769 364 820 secto
389 762 521 839 requiem
542 779 665 840 sperare
691 762 819 830 lacerto;

61 847 215 907 Praeterea
237 844 325 904 multa
347 846 377 903 in
398 844 476 904 facie
500 845 658 922 deformia,
685 847 761 905 sicut

61 931 176 990 Attritus
200 929 288 1006 galea
310 929 475 1008 mediisque
498 931 527 987 iu
548 929 665 1000 naribus
689 931 792 1006 iugens

62 1013 176 1074 Gibbus·
190 1023 220 1072 et
243 1031 312 1072 acre
336 1013 442 1072 malum
465 1031 584 1092 semper
606 1014 741 1073 stillantis
766 1013 865 1072 ocelli.

61 1099 115 1158 Sed
139 1098 288 1175 gladiator
308 1107 387 1157 erat:
410 1097 480 1157 iacit
503 1097 560 1156 boo
582 1095 651 1156 illos
673 1096 865 1172 Hyacinthos;
1001 1116 1052 1165 110

60 1179 119 1242 Hoc
141 1183 242 1261 pueris
266 1183 454 1260 patriaeque,
477 1181 535 1241 boc
558 1181 696 1260 praetulit
716 1180 766 1241 illa
780 1184 886 1250 ,sorori
948 1221 951 1228 ·

61 1265 153 1345 Atque
172 1267 249 1325 viro.
283 1263 405 1326 Ferrum
425 1275 485 1342 est,
508 1266 585 1344 quod
606 1275 714 1326 arnaut:
737 1264 785 1325 bic
805 1265 926 1344 Sergius
944 1269 1020 1329 idem

60 1349 187 1428 Accepta
211 1349 285 1410 rude
308 1349 605 1429 coepissetlleiento
628 1350 730 1409 videri.

102 1433 174 1506 Quid
199 1435 313 1514 privata
336 1425 458 1510 domus,
482 1434 551 1513 quid
573 1434 680 1494 lecerit
702 1432 813 1514 Eppia,
839 1434 946 1496 ouras?

61 1517 182 1595 Respice
206 1519 316 1579 rivales
340 1517 486 1587 divorum;
511 1517 648 1580 Claudius
672 1519 737 1578 audi
1002 1535 1051 1585 115

62 1599 137 1674 Quae
160 1603 271 1663 tulerit.
308 1602 444 1663 Dormire
466 1603 558 1663 virum
582 1622 669 1682 quum
693 1611 827 1664 senserat
849 1615 934 1681 ullor,

62 1688 177 1746 Sumere
196 1697 358 1746 nocturnos
382 1688 522 1748 meretrix
544 1687 675 1764 Augusta
698 1686 832 1748 cucullos

62 1767 134 1831 lusa
155 1771 289 1831 Palatino
307 1777 343 1831 'et
366 1781 497 1850 tegetem
520 1771 672 1851 praeferre
695 1771 783 1832 cubili

62 1853 217 1933 linquebat
241 1857 346 1915 comite
369 1855 474 1916 aucilla
496 1874 553 1915 nou
576 1856 696 1936 amplius
722 1875 793 1930 una,

62 1936 94 1997 Et
115 1941 227 2017 nigrum
251 1940 328 2000 llaro
351 1942 461 2007 crinem
484 1939 684 2001 abscondente
707 1940 810 2018 galero
999 1951 1051 2004 lto

61 2021 173 2082 intravit
197 2024 324 2085 calidum
346 2025 441 2084 veteri
465 2034 589 2084 centone
613 2023 734 2104 lupanar

61 2104 94 2164 llt
114 2107 220 2168 cellam
244 2126 365 2168 vacuam
388 2117 475 2186 atque
498 2127 593 2178 suam;
619 2118 686 2170 tuuc
708 2110 784 2170 nuda
806 2109 923 2188 papillis

61 2187 181 2252 Prostitit
204 2194 331 2268 auratis,
355 2193 466 2252 titulum
488 2196 604 2253 mentita
626 2193 780 2269 Lyciscae,

62 2271 249 2355 Ostenditque
272 2286 365 2351 tuum,
389 2294 538 2354 generose
561 2276 742 2354 Britannice,
765 2285 912 2346 ventrem

63 2353 196 2438 [Excepit
219 2360 327 2421 blanda
349 2363 488 2421 intrantes
512 2370 599 2439 atque
622 2377 691 2420 aera
713 2362 861 2439 poposcit,
1000 2371 1049 2424 125

61 2439 94 2499 Et
109 2446 246 2523 resupina
268 2447 369 2504 iacens
392 2446 547 2505 multorum
570 2442 721 2504 absorbuit
744 2445 842 2524 ictus]

62 2523 141 2601 bion,
164 2528 275 2588 lenone
296 2547 363 2589 suas
387 2531 441 2590 iam
465 2530 625 2590 dimittente
650 2529 776 2608 puellas,

63 2607 159 2669 Tristis
181 2613 244 2673 abit
265 2623 309 2689 et,
335 2614 413 2692 quod
435 2615 541 2692 potuit,
566 2623 662 2673 tamen
678 2614 775 2674 ultima
793 2614 897 2676 cellam

65 2690 183 2773 Clausit,
208 2697 302 2757 adbuc
328 2697 433 2759 ardeus
457 2699 569 2776 rigidae
592 2700 732 2775 tentigine
755 2699 871 2776 vulvae,

66 2773 110 2852 [St
132 2777 238 2841 lassata
261 2783 330 2841 viris
353 2783 497 2842 necdum
520 2784 622 2844 satiata
644 2784 794 2861 recessit]
1001 2795 1049 2846 130

65 2857 256 2943 Obscurisque
277 2869 362 2943 genis
382 2869 474 2945 turpis
495 2868 633 2946 fumoque
655 2867 795 2926 lucernae

65 2940 156 3028 Foeda
177 2948 325 3027 lupanaris
349 2950 414 3011 tulit
435 2951 470 3011 ad
493 2951 625 3030 pulvinar
648 2952 778 3012 odorem.
824 2983 827 2992 ·

65 3023 255 3108 Hippomanes
280 3051 457 3114 carmenque
480 3035 584 3114 loquar
608 3045 782 3115 coctumque
804 3054 946 3096 venenum

67 3107 252 3196 Priviguoque
277 3116 393 3180 datum‘l
419 3119 526 3179 faciunt
547 3121 683 3197 graviora
706 3130 827 3180 coactae

68 3189 183 3273 Imperio
208 3220 296 3262 sexus
318 3204 519 3281 minimumque
540 3204 665 3264 libidine
688 3215 823 3283 peccant.
999 3215 1048 3266 135

91 3278 213 3374 'Optima
234 3287 288 3347 sed
312 3305 402 3367 quare
427 3285 591 3348 Censennia
614 3297 690 3348 teste
715 3287 841 3348 marito?

70 3355 110 3420 Brs
131 3369 273 3446 quingena
308 3371 401 3439 dedit;
428 3375 496 3432 tanti
514 3381 602 3433 vocat
624 3373 674 3433 ille
695 3373 838 3451 pudicam,

70 3441 124 3506 Nec
146 3450 288 3528 pharetris
309 3455 436 3515 Veneris
460 3474 559 3516 macer
580 3467 625 3516 est
648 3465 696 3516 aut
718 3456 851 3533 lampade
874 3453 984 3513 fervet:
