2430 3894
314 223 652 286 orrensornmron
665 225 740 287 nro.
756 227 807 289 rv.
893 181 897 189 ¹

72 379 285 444 marmorum
300 374 372 437 Salo
388 383 580 458 temperator
594 376 705 436 ambit:

121 459 330 540 Tutelamque
350 461 523 539 chorosque
539 461 749 539 Rixamarum,
860 513 865 526 ,

118 546 163 607 Et
177 545 315 606 convivia
328 543 409 604 festa
428 543 634 622 Carduarum,

118 629 164 690 Et
176 629 271 689 testis
285 628 435 690 Peterum
448 630 528 689 rosis
542 630 723 705 rubentem,

118 713 225 791 Atque
241 712 366 789 antiqua
379 717 500 790 patrum
514 712 636 772 theatra
650 711 759 790 Rigas,

71 805 111 858 20
117 797 161 856 Et
175 801 279 855 certos
292 792 392 854 iaculo
408 794 470 855 levi
487 794 603 872 Silaos,

120 879 338 958 Turgontique
351 875 437 939 lacus
451 879 677 958 Perusiaeque,

118 963 163 1024 Et
176 980 290 1044 parvae
306 960 384 1022 vada
396 982 477 1042 pura
488 963 689 1040 Vetonisaae,

118 1046 163 1107 Et
179 1053 320 1106 sanctum
330 1044 502 1106 lluradonis
516 1043 670 1123 ilicetum,

117 1129 183 1208 l’er
198 1128 280 1209 quod
295 1127 347 1189 vel
360 1130 452 1209 piger
464 1125 599 1189 ambulat
612 1131 726 1202 viator;

72 1213 160 1275 uelit
176 1231 254 1291 quae
268 1213 400 1273 iortibus
416 1211 533 1272 excolit
543 1213 679 1272 iuvencis

120 1297 242 1357 Curuae
256 1294 392 1357 Manlius
410 1316 480 1355 arva
494 1296 684 1358 Vstivescae.

117 1380 206 1439 Haec
220 1387 281 1440 tom
296 1381 426 1454 rustica,
450 1378 582 1440 delicate
597 1378 713 1457 lector,

117 1461 215 1524 Rides
230 1463 373 1523 nominat
394 1461 497 1522 rideas
510 1461 628 1526 licebit.

117 1547 206 1607 Haec
220 1552 282 1607 tam
297 1547 412 1607 rustica
425 1545 521 1622 malo,
542 1565 629 1625 quam
644 1547 806 1611 Butuntos.

513 1707 592 1770 LVI.

116 1833 253 1894 Munera
267 1829 350 1911 qnod
365 1833 490 1892 senibus
504 1832 665 1913 viduisque
679 1835 818 1913 ingentia
831 1835 929 1898 mittis

161 1917 217 1980 Vis
231 1921 264 1976 te
279 1916 471 1995 munificum,
493 1916 687 1996 Gargiliane,
708 1919 837 1978 vocem?

116 1999 280 2060 Sordidius
294 1998 372 2059 nihil
387 2006 450 2078 est,
472 1998 551 2060 nihil
566 2007 615 2061 est
628 2009 660 2062 te
675 2003 815 2082 spurcius
829 2021 907 2081 uno,

162 2084 222 2161 Qui
235 2090 325 2162 potes
342 2081 469 2143 insidias
487 2082 569 2143 dona
581 2103 691 2144 vocare
705 2091 783 2146 tuas.

93 2167 172 2229 tosio
188 2165 284 2227 aridis
300 2165 391 2226 fallax
406 2165 547 2245 indulget
561 2169 698 2247 piscibus
715 2168 838 2246 humus,

164 2248 285 2311 Callida
298 2251 342 2310 sic
358 2248 469 2310 stultas
485 2248 603 2330 decipit
617 2268 688 2310 esca
702 2250 799 2314 feras.

119 2333 202 2412 Quid
217 2334 258 2394 sit
271 2332 397 2413 largiri,
420 2331 494 2414 quid
509 2335 550 2393 sit
564 2331 698 2412 donare,
720 2332 854 2410 docebo,

161 2417 195 2478 Si
210 2418 328 2478 nescis:
350 2415 445 2496 dona,
469 2415 662 2495 Gargiliane,
683 2417 768 2481 mibi.

504 2580 594 2645 LVll.

116 2705 194 2765 llum
209 2724 267 2765 nos
282 2703 394 2765 blanda
407 2712 517 2766 tenent
530 2705 635 2768 lascivi
649 2714 755 2785 stagna
769 2706 894 2767 Lucrini

158 2789 200 2847 m
215 2807 294 2866 quae
308 2790 457 2868 pumiceis
471 2790 608 2851 fontibus
623 2795 710 2849 antra
724 2787 844 2866 celent,

117 2873 167 2934 Tu
180 2868 259 2933 colis
274 2873 370 2950 Argei
383 2891 528 2952 reguum,
549 2872 716 2948 Faustine,
739 2871 858 2950 coloni,

157 2956 226 3033 Quo
241 2963 275 3016 te
290 2957 337 3016 bis
354 2955 490 3017 decimus
504 2955 590 3016 dneit
604 2957 641 3016 ab
658 2956 736 3015 urbe
750 2954 837 3035 lapis.

96 3037 252 3100 tllorrida
268 3038 325 3099 sed
337 3039 461 3100 fervent
474 3040 620 3100 Nemeaei
631 3042 759 3120 pectora
773 3042 919 3120 monstri,

156 3123 221 3184 Nec
235 3125 310 3184 satis
325 3129 390 3201 est,
411 3124 500 3184 Baias
513 3125 587 3203 igne
601 3121 706 3183 calere
721 3140 785 3184 suo.

117 3207 197 3286 Ergo
214 3209 296 3268 socri
309 3207 413 3269 fontes
428 3215 461 3268 et
473 3206 569 3268 litora
584 3214 671 3287 grata
683 3205 801 3284 valete,
833 3215 843 3232 ·

156 3291 364 3370 Nympharum
378 3294 498 3373 pariter
511 3290 739 3369 Nereidumque
755 3290 870 3352 domus.

118 3371 289 3435 llerculeos
303 3372 399 3436 colles
417 3374 522 3455 gelida
534 3394 587 3435 vos
601 3376 716 3435 vincite
731 3377 852 3447 bruma,

82 3465 113 3516 ιο
120 3457 242 3600 Mplone
259 3457 435 3522 Tiburtinis
450 3459 553 3521 cedite
570 3459 746 3537 frigoribus.
843 3537 862 3601 7

172 3559 221 3602 ar.
424 3581 427 3588 ,

1037 227 1078 296 ⁹⁷
1165 248 1169 318 τ
