2426 3900
359 207 697 274 detentationem
711 214 784 275 uin.
801 215 837 276 11.

535 413 654 478 LXVII.

159 527 308 588 Occurris
323 545 505 607 quocunque
520 524 590 586 loco
605 527 697 603 mihi,
719 527 880 607 Postume,
903 528 1015 592 clamas

110 603 111 610 '
204 611 350 690 Protinus
370 618 404 670 et
417 612 516 690 primo
529 616 577 670 est
591 610 668 670 haec
683 613 734 670 toa
750 631 806 671 vox
822 612 925 690 „Quid
939 616 1003 693 agis
1010 615 1050 675 ἰιι

81 697 85 702 ’
159 695 247 770 Hoc,
268 697 358 755 sime
373 693 500 754 deciens
512 713 572 758 uua
586 695 768 754 conveneris
784 695 876 774 hora,

204 777 303 837 Dicisc
325 778 421 838 habes
435 783 509 860 puto
524 782 575 853 tu,
594 776 756 855 Postume,
779 775 824 837 nil
840 777 923 858 quod
939 799 1021 860 agas.

521 897 654 972 vaffl.

159 1018 251 1094 ‘Quod
265 1027 298 1081 te
313 1019 436 1078 nomine
451 1020 509 1078 iam
525 1025 578 1078 tuo
597 1017 714 1097 saluto,

160 1104 258 1178 Quem
273 1120 378 1182 regem
392 1108 426 1162 et
441 1101 597 1162 domiuum
612 1103 698 1181 prius
714 1105 874 1182 vocabam,

161 1186 207 1246 Ne
220 1205 269 1247 me
284 1185 400 1245 dixeris
417 1203 486 1245 esse
501 1191 728 1245 contumacem:

160 1269 249 1330 Totis
266 1268 350 1350 pilea
365 1270 493 1328 sarcinis
509 1267 637 1330 redemi.

135 1353 263 1432 §Reges
278 1360 310 1414 ct
325 1352 463 1412 dominos
479 1353 594 1411 habere
612 1351 707 1411 debet

160 1437 220 1512 Qui
234 1455 268 1497 sc
283 1437 469 1513 nonhabet,
491 1443 584 1514 atque
600 1435 791 1514 concupiscit

159 1520 249 1595 Quod
264 1539 354 1598 reges
369 1518 546 1597 dominique
562 1519 790 1597 concupiscunt.

159 1603 289 1662 Servum
305 1606 331 1663 si
346 1608 452 1682 potes,
479 1599 553 1678 01e,
574 1603 783 1678 multabere,

156 1685 199 1746 Ει
211 1705 317 1764 regem
333 1693 439 1765 potes,
463 1683 522 1744 01e
537 1703 598 1743 uon
613 1685 740 1746 habere.

539 1817 644 1878 LXIX.

157 1929 289 1989 invitum
303 1946 416 1988 cenare
430 1928 506 1988 foris
522 1935 570 2007 te,
594 1928 748 2006 Classico,
771 1927 865 1990 dicis:

201 2012 311 2070 Sinon
327 2013 484 2089 mentiris,
507 2011 662 2090 Classice‚
684 2012 868 2092 dispeream.

157 2095 227 2174 lpse
243 2113 365 2174 quoque
382 2094 420 2154 ad
435 2114 541 2155 cenam
555 2096 707 2174 gaudebat
722 2097 848 2175 Apicius
861 2096 925 2155 ire:

201 2179 277 2238 (lum
292 2185 420 2238 cenaret
433 2185 502 2238 erat
517 2180 638 2239 tristior
654 2177 726 2256 ille,
747 2179 839 2240 domi.

132 2262 193 2322 ssi
207 2268 309 2321 tamen
324 2262 436 2321 invitos
454 2261 555 2340 vadis,
578 2282 649 2340 cur,
671 2260 827 2339 Classico,
847 2259 955 2321 vadis?

200 2345 348 2423 „Cogor“
365 2346 427 2404 ais:
451 2363 557 2404 verum
573 2352 638 2418 est;
662 2346 784 2424 cogitur
798 2348 831 2402 et
847 2341 958 2404 Selius.

157 2427 205 2487 En
218 2432 308 2505 rogat
321 2426 360 2488 ad
373 2447 481 2501 ‘cenam
495 2427 611 2488 Melior
625 2433 675 2504 te,
699 2424 852 2505 Classico,
874 2432 1000 2488 rectam.

200 2509 336 2572 Grandia
347 2512 442 2572 verba
456 2512 509 2570 ubi
524 2512 619 2572 sunt?
639 2513 667 2571 si
681 2511 728 2570 vir
742 2528 794 2593 es,
817 2527 906 2590 ecce,
928 2526 1017 2590 nega.

545 2644 637 2706 Lxx.

156 2753 223 2814 Nou
237 2755 283 2814 vis
297 2756 329 2814 iu
347 2753 425 2814 solio
439 2756 524 2834 prius
539 2753 635 2814 lavari

156 2838 352 2916 quenquam,
375 2835 492 2898 Cotile:
516 2857 604 2898 causa
618 2855 712 2916 quae,
733 2839 793 2898 nisi
807 2838 884 2898 haec
899 2843 964 2918 est,

156 2918 255 2981 Undis
270 2939 310 2980 ne
324 2922 457 2981 fovearis
470 2921 649 2982 irrumatis‘l

158 3003 278 3064 Primus
293 3011 325 3064 te
337 3003 415 3065 licet
429 3003 548 3065 abluas:
563 3020 692 3065 necesse
710 3011 759 3064 est

154 3087 238 3147 Ante
254 3088 305 3148 hic
323 3087 475 3166 mentula,
490 3107 586 3167 ,quam
598 3093 705 3168 capnt,
726 3086 856 3150 lavetur.

537 3221 642 3284 LXXI.

154 3336 326 3400 Candidius
340 3338 419 3399 nihil
434 3346 483 3400 est
498 3346 547 3419 tc,
570 3340 760 3402 caeciliane:
781 3341 900 3415 notavi,

175 3505 181 3512 ι
197 3420 232 3480 Si
247 3421 368 3501 quaudo
384 3441 421 3486 ex
435 3425 550 3487 nostris
565 3423 696 3484 disticha
710 3443 806 3505 pauca
821 3422 910 3504 lego,

1076 217 1123 282 55
