2460 3878
347 203 689 263 EPIGRAMMATON
702 203 775 268 LlB.
794 205 831 266 Χ.

150 351 215 410 lam
230 352 358 427 scrobe,
379 353 439 410 iam
452 350 553 428 lecto,
565 353 635 410 iam
648 349 837 431 pollinctore
850 360 958 433 parato

194 433 354 494 Heredem
370 435 494 514 scripsit
509 453 558 494 me
575 435 687 494 Numa:
711 435 874 499 convaluit.

522 568 655 630 xovffl.

148 680 257 741 Addat
270 699 337 739 cnm
352 678 427 738 mibi
443 680 616 741 Caecubum
631 684 772 742 minister

147 754 247 825 ldaeo'
261 760 428 822 resolutior
443 763 586 840 cinaedo,

150 851 219 926 Quo
233 866 292 907 ncc
305 845 370 905 fllia
387 845 501 907 cultior
514 867 573 907 nec
587 868 679 924 uxor,
795 855 798 863 '

148 933 216 992 Nec
231 935 330 990 mater
344 936 396 989 tna
408 949 467 990 nec
484 951 573 993 soror
590 933 757 1008 recumbit,

124 1017 208 1078 svis
223 1019 361 1094 spectem
374 1015 478 1093 potins
493 1022 560 1075 toas
576 1014 715 1075 lacernas

150 1101 215 1159 Aut
230 1099 341 1158 citrum
355 1104 444 1158 vetus
458 1097 642 1178 indicosque
657 1098 790 1158 dentes?

149 1184 319 1261 Suspectus
333 1182 391 1241 tibi
406 1201 446 1242 ne
462 1189 565 1242 tamen
579 1185 769 1252 recumbam,

149 1267 281 1326 Praesta
296 1264 335 1324 de
352 1284 446 1343 grege
461 1265 646 1344 sordidaque
659 1265 733 1327 villa
748 1309 750 1316 ,

150 1351 291 1427 Tonsos,
310 1348 504 1426 horridulos,
526 1350 636 1428 rudes,
657 1350 789 1431 pusillos

104 1435 273 1496 lolecosi
288 1433 363 1492 mihi
376 1431 459 1492 filios
473 1432 600 1494 subulci.

146 1515 267 1579 Perdet
284 1523 316 1576 te
331 1515 421 1576 dolor
435 1517 502 1578 bic:
521 1517 654 1594 habere,
674 1518 780 1596 Publi,

146 1603 255 1663 Mores
269 1619 331 1660 non
345 1606 436 1680 potes
450 1601 506 1659 hos
521 1607 553 1660 et
567 1602 624 1660 bos
641 1603 806 1664 ministros.

356 1735 369 1746 ’
479 1815 482 1820 ¹
531 1733 638 1794 xcrx.

148 1847 181 1906 Si
192 1847 328 1906 Romana
341 1847 447 1906 forent
461 1846 538 1906 haec
553 1847 689 1906 Socratis
704 1867 773 1926 ora,
796 1849 928 1912 fuissent

189 1929 282 1990 lulius
296 1931 329 1989 in
345 1929 462 2008 Satyris
479 1926 578 2007 qualia
592 1930 689 1990 Rufus
703 1930 807 1991 babet.

568 2065 602 2125 0.

148 2177 245 2254 Quid,
268 2174 382 2254 stulte,
404 2178 518 2236 nostris
533 2176 673 2235 versibus
687 2181 756 2236 tuos
771 2178 905 2238 misces?

148 2262 223 2321 Cum
238 2259 380 2338 litigante
396 2258 468 2338 quid
484 2259 559 2335 tibi,
581 2259 690 2334 miser,
711 2257 817 2319 libro?

148 2343 229 2420 Quid
244 2361 433 2422 congregare
449 2361 516 2402 cum
531 2341 674 2403 leonibus
688 2341 796 2422 volpes

148 2426 330 2506 Aquilisque
347 2425 462 2486 similes
476 2427 581 2485 facere
596 2432 723 2486 noctuas
741 2429 885 2505 quaeris?

129 2513 271 2572 bHabeas
284 2511 393 2571 licebit
410 2509 541 2569 alterum
556 2508 665 2590 pedem
681 2509 799 2590 Ladae,

148 2596 270 2674 inepte,
290 2596 407 2654 frustra
423 2612 514 2654 crure
526 2593 631 2673 ligneo
647 2613 763 2658 curres.

476 2750 480 2755 ’
560 2737 607 2797 ci.

149 2848 254 2928 Elysio
273 2849 382 2910 redeat
396 2851 423 2910 si
437 2852 519 2911 forte
534 2852 680 2909 remissus
695 2852 732 2909 ab
747 2868 819 2928 agro

186 2931 245 2992 llle
261 2953 315 2992 sno
331 2933 407 2994 felix
421 2935 554 2994 Caesare
570 2934 676 2993 Gabba
689 2939 794 3012 vetus,

151 3018 207 3094 Qui
222 3015 430 3097 Capitolinum
445 3019 564 3096 puriter
579 3018 777 3096 Gabbamque
791 3020 928 3080 iocantes

188 3099 348 3179 Audierit,
371 3099 470 3160 dicet:
492 3101 639 3178 „Rustico
654 3101 776 3180 Gabba,
795 3103 895 3164 tace.“

551 3237 610 3296 011.

148 3348 211 3422 Qua
226 3347 326 3408 iaetus
340 3350 461 3409 ratione
477 3350 519 3409 sit
531 3350 682 3428 requiris,

148 3431 203 3508 Qui
218 3450 372 3510 nunquam
387 3433 497 3510 futuit,
517 3440 607 3513 pater
622 3431 810 3492 Philaenusi

1047 205 1110 269 253
