2528 3876
108 220 172 286 ³10
425 219 475 281 Μ.
491 218 584 280 VAL.
600 211 825 280 nantinus

370 402 373 410 ¹
493 419 573 482 XXI.
599 421 768 501 Asparagi.

193 534 347 599 Mollitia
362 551 515 611 aequorea
530 550 609 611 quae
625 535 825 614 erevit-apina
837 534 991 596 hveme.

235 620 303 682 Non
318 619 381 679 erit
395 614 522 677 inanitio
536 617 653 694 gratior
668 618 830 697 asparagie.

432 743 516 804 XXIi
554 739 638 803 ana
653 742 830 804 ‹Iuraoo'naa

193 863 262 923 Non
279 858 392 920 habilia
409 858 529 937 cyathis
544 863 577 917 et
590 855 710 916 inntiIio
723 875 779 915 nra
793 855 912 935 Lyaeo,

237 943 301 1006 Sed
314 935 376 1004 non
389 941 509 1023 potanti
524 958 574 999 me
588 941 645 1000 tibi
660 947 767 1000 nectar
781 958 845 1000 ero.

455 1069 563 1131 XXilI.
585 1068 684 1130 Fiooa
701 1068 803 1132 Gho’ac.

195 1171 272 1232 ohta
286 1170 353 1230 aeni
368 1166 476 1229 atmilir
490 1167 630 1244 Baccho,
652 1184 743 1246 quem
759 1165 844 1226 Setia
858 1167 958 1245 misit,

237 1255 305 1334 Ipsa
317 1271 434 1314 merum
450 1269 554 1312 tecam
566 1255 673 1330 portat
687 1255 720 1309 et
735 1251 801 1330 ipaa
815 1245 921 1312 salem.
961 1291 963 1296 -
1014 1307 1016 1310 .

488 1375 598 1438 XXIV.
625 1375 772 1456 tyana.

195 1479 228 1539 Si
243 1479 300 1539 tibi
317 1479 469 1558 Cecropio
486 1482 620 1536 saturata
637 1473 776 1554 Cydonia
789 1474 885 1536 melle

236 1563 413 1639 Ponentnr,
435 1561 533 1621 dicae:
555 1559 662 1638 „Haec
678 1558 831 1620 melimela
841 1559 1000 1640 placent.“

453 1689 549 1751 XXV.
574 1685 681 1750 Nacao
689 1691 813 1770 pineae.
893 1737 898 1746 .

195 1789 288 1849 Poma
304 1806 406 1848 eomas
421 1785 571 1867 Cybelen:
593 1786 703 1866 procul
717 1787 790 1847 hinc
805 1785 949 1865 diseede,
972 1789 1092 1868 viator,

237 1873 283 1932 Ne
300 1871 389 1931 eadat
401 1872 434 1930 in
448 1872 593 1930 miserum
609 1877 714 1931 nostra
728 1872 816 1931 ruina
829 1877 929 1952 capnt.

513 1995 622 2058 XXVI.
645 1995 756 2058 Sorba.
795 2021 797 2026 ·

196 2097 294 2158 Sorba
308 2117 428 2175 sumno,
449 2096 560 2158 molles
575 2099 700 2158 nimium
715 2097 876 2160 tendentia
889 2106 1029 2160 ventres:

237 2184 348 2263 Aptior
364 2184 441 2242 haec
454 2201 568 2262 puero,
592 2202 680 2261 qnam
696 2183 767 2260 tibi,
788 2202 877 2263 poma
891 2183 987 2243 dabis.

356 2309 479 2371 XXVII.
503 2309 683 2370 Palathium
697 2323 904 2391 caryotarum.

197 2411 300 2470 Aurea
314 2410 484 2489 porrigitur
500 2407 563 2468 iani
577 2413 702 2487 caryota
716 2407 882 2482 Kalendis;

238 2492 302 2554 Sed
315 2499 418 2553 tamen
434 2493 494 2552 hoo
508 2509 616 2551 munus
630 2494 776 2571 pauperia
791 2510 861 2551 esse
879 2491 967 2554 solet.

405 2619 540 2680 XXVIII.
570 2618 598 2678 V
597 2638 632 2678 aa
647 2626 853 2680 cottanorum.

196 2719 282 2778 Haeo
296 2719 353 2778 tibi
369 2736 446 2798 qnae
460 2724 543 2779 torta
555 2724 708 2779 venerunt
724 2718 847 2779 condita
862 2727 958 2797 meto,

153 2871 157 2876 ¹
240 2801 273 2862 Si
288 2805 402 2864 maiora
415 2801 521 2863 forent
535 2808 672 2880 cottana,
691 2803 767 2863 iicua
782 2810 878 2864 erant.
977 2848 980 2852 .

381 2929 489 2992 XXIX.
520 2929 582 2992 Vae
600 2930 874 2991 Bamaooanorum.

197 3044 300 3104 l'rnna
314 3044 499 3123 perengnae
517 3044 600 3103 carie
614 3061 727 3122 rugosa
744 3047 888 3104 senectae

239 3127 347 3188 Sume:
369 3124 470 3186 solent
487 3127 557 3187 duri
571 3125 692 3188 solvere
707 3127 824 3186 ventris
840 3144 925 3186 onus.

424 3259 518 3321 XXX.
543 3259 662 3320 Oaaaao
674 3258 837 3321 Lunensis.

198 3368 312 3429 (laeena
326 3369 476 3430 Etruscae
490 3373 626 3448 signatus
640 3370 772 3446 Imagine
786 3367 891 3428 Lunae

237 3449 411 3510 Praestabit
423 3453 529 3529 pneris
543 3451 672 3530 prandia
686 3449 771 3511 mille
786 3452 858 3514 tuit.
