2460 3878
472 219 515 280 M.
532 218 624 281 VAL.
641 217 867 279 MARTIALIS

644 420 691 479 111.

228 533 299 594 Non
314 535 430 593 urbana
443 550 511 591 mea
525 537 643 591 tantum
659 531 835 612 Pimpleide
849 531 986 612 gaudent

273 618 361 695 Otia,
383 635 442 676 nec
458 616 560 674 vacuit
575 617 699 676 auribus
713 618 775 676 ieta
790 615 912 694 damus,

234 700 299 761 Sed
313 719 399 760 meus
413 701 446 758 in
463 699 583 759 Getieis
598 699 637 758 ad
651 699 766 760 Martia
780 701 867 778 signa
884 700 1007 779 pruinis

275 786 303 845 Α
316 783 416 863 rigido
434 785 547 843 teritur
562 784 744 843 centurione
759 782 858 861 liber,

211 869 356 932 abicitur
371 873 404 928 et
417 873 542 926 nostroe
560 873 684 926 eantare
698 869 857 928 Britannia
873 885 990 927 verena.

276 950 358 1029 Quid
372 950 524 1032 prodest?
552 949 660 1010 Nescit
673 951 812 1012 saeculus
826 953 886 1012 ieta
900 969 998 1012 meus.

232 1037 274 1096 At
290 1056 379 1115 quam
394 1036 528 1094 victurae
541 1040 718 1113 poteremur
734 1054 870 1114 pangere
886 1035 1010 1095 chartas

276 1121 456 1196 Quantaque
472 1119 576 1177 Pieria
588 1117 708 1198 praelia
722 1119 798 1179 flare
814 1120 904 1195 tuba,

203 1265 208 1276 ,
232 1205 311 1264 cnm
325 1206 376 1283 pia
390 1200 587 1262 reddiderint
599 1202 769 1280 Augustum
783 1203 905 1262 numina
919 1203 1034 1278 terris,

191 1298 225 1349 10
273 1287 313 1346 ut
327 1287 545 1346 Maecenatem
556 1285 582 1344 ei
598 1287 673 1364 tibi,
692 1287 806 1364 Roma,
828 1286 954 1346 darent!

647 1419 699 1484 ru.
719 1495 724 1506 ,

238 1533 331 1593 Sacra
346 1529 492 1609 laresque
506 1529 679 1610 Phrygum,¹
699 1549 775 1609 quas
791 1530 906 1592 'l'ruiae
921 1531 1032 1591 maluit
1047 1533 1143 1592 heres

276 1618 371 1693 Quam
385 1632 497 1694 rapere
512 1633 633 1673 arsuras
649 1613 867 1674 Laomedontis
883 1634 975 1695 opes,

233 1701 373 1780 Scriptus
390 1706 422 1758 et
436 1704 564 1757 aeterno
580 1717 660 1756 nune
674 1699 804 1777 primum
819 1697 958 1780 luppiter
976 1719 1052 1758 auro

275 1785 316 1844 ut
331 1802 420 1843 soror
435 1789 467 1841 et
480 1783 587 1841 summi
602 1781 666 1840 iilia
680 1788 745 1841 tota
758 1784 872 1860 patria,

211 1869 278 1930 aut
291 1869 343 1946 qui
357 1867 522 1946 purpureis
536 1867 594 1925 iam
608 1867 703 1924 tertia
715 1867 839 1925 nemina
855 1867 960 1943 fastis,

276 1952 366 2029 lane,
387 1949 489 2010 reiere
504 1949 640 2024 Nervae3
661 1969 714 2008 ros
728 1967 841 2028 precor
856 1969 910 2010 ore
924 1952 994 2030 pio:

233 2036 324 2096 Hune
340 2051 445 2094 omnea
461 2042 582 2092 servate
598 2032 721 2109 ducem,
742 2039 864 2094 servate
879 2042 1034 2108 senatum

278 2119 419 2179 Moribus
434 2118 486 2177 hie
500 2119 581 2178 vivat
596 2118 760 2196 principis,
777 2113 839 2195 ille
854 2119 925 2180 suis.

650 2251 689 2312 V.

234 2366 334 2426 Tanta
350 2367 407 2424 tibi
425 2371 473 2423 est
487 2365 566 2424 recti
581 2365 774 2439 reverentia,
795 2365 924 2442 Caesar,
947 2373 980 2424 et
995 2368 1113 2444 aequi,

277 2450 395 2524 Quanta
411 2449 527 2508 Numae
542 2449 659 2508 fuerat:
682 2447 739 2507 sed
751 2449 848 2508 Numa
861 2467 977 2527 pauper
993 2459 1077 2512 erat.

234 2531 338 2591 Ardua
353 2549 405 2590 ree
419 2533 495 2590 haee
511 2538 575 2609 est,
598 2533 706 2611 opibus
721 2551 782 2591 non
796 2531 921 2592 tradere
936 2550 1039 2592 morea

159 2679 160 2684 ,
275 2617 316 2676 Et
331 2634 398 2673 eum
413 2621 461 2675 tot
475 2616 609 2676 Croesos
624 2616 751 2693 viceris,
774 2635 843 2675 esse
858 2616 991 2676 Numam.

213 2699 270 2764 esi
285 2699 416 2759 redeant
428 2705 569 2775 veteres,
589 2701 727 2776 ingentia
741 2701 879 2778 nomina,
902 2707 1026 2780 patres,

277 2782 415 2862 Elysium
432 2781 527 2842 liceat
542 2786 568 2843 si
582 2801 710 2842 vacuare
725 2800 846 2842 nemus:

235 2869 284 2928 Te
300 2865 383 2927 colet
396 2868 526 2926 invictus
540 2887 597 2946 pro
613 2866 759 2926 libertate
777 2865 940 2943 Camillus,

278 2954 395 3010 Aurum
408 2950 588 3026 Fabricius,
610 2958 643 3008 te
658 2952 835 3027 tribuente,
856 2949 955 3023 volet3

237 3036 285 3094 '1¹0
302 3035 380 3093 duee
396 3031 540 3111 gaudebit
555 3035 683 3112 BrutuS,
702 3036 758 3094 tibi
775 3033 859 3094 Sulla
874 3038 1021 3094 eruentus

193 3129 227 3180 10
275 3119 438 3195 imperium
454 3117 574 3192 tradet,
598 3137 664 3176 eum
680 3120 837 3197 positurus
853 3120 929 3193 erit3

233 3201 275 3260 Et
288 3207 320 3258 te
335 3201 453 3277 privato
470 3217 537 3259 eum
552 3201 684 3260 Cae'sare
700 3202 831 3279 Magnus
846 3204 973 3280 amabit,

276 3282 410 3341 Donabit
423 3287 504 3340 totas
519 3290 551 3342 et
565 3284 622 3342 tibi
638 3285 766 3344 Crassus
784 3304 868 3363 opes.

235 3365 306 3441 ipae
324 3382 446 3440 quoque
462 3364 594 3424 infernis
610 3374 770 3427 revocatus
787 3369 866 3427 bitis
882 3371 918 3428 ab
936 3371 1059 3430 umbris

277 3445 308 3503 si
325 3445 400 3503 Cato
417 3444 580 3524 reddatur,
604 3449 805 3513 Caesarianus
822 3453 892 3511 erit.
