2392 3888
142 236 203 301 194
278 206 286 218 ’
463 234 507 294 m.
522 233 614 296 van.
632 234 857 296 murmanis
906 268 915 272 -

225 389 368 470 Speranti
382 384 488 468 plures
502 420 546 436 —-
559 405 627 446 nam
643 394 725 446 stare
741 395 794 447 aut
808 407 957 450 crescere
974 392 1102 455 debent

266 472 398 532 Munera
411 505 454 515 —
466 476 619 529 venerunt
632 468 740 548 plusve
757 472 896 531 minusve
912 473 1005 538 duae.

204 555 355 617 §Tertius
370 560 403 614 et
418 559 545 632 quartus
558 553 653 613 multo
667 554 819 613 inferiora
834 554 988 622 tulerunt.

266 638 360 697 Libra
374 638 435 698 fuit
450 638 557 716 quinto
572 635 748 716 Septiciana
763 637 899 716 quidem.

224 721 381 782 Bessalem
397 719 435 780 ad
450 718 599 780 scutulam
620 726 706 780 sexto
719 723 918 799 pervenimus
934 723 1041 802 au'no;

267 805 342 880 Rost
354 805 436 864 hunc
451 807 483 862 in
498 802 599 864 cotula
615 824 683 862 rasa
697 802 813 864 selibra
828 805 899 865 data
918 815 980 868 est.

225 890 355 949 Octavus
369 886 494 967 ligulam
508 889 592 946 misit
606 892 745 947 sextante
760 888 930 965 minorem

186 982 214 1035 10
265 973 369 1032 Nonus
384 990 440 1031 acu
453 969 552 1030 levius
566 971 616 1031 vix
630 969 795 1032 cochleare
810 971 892 1034 tulit.

226 1053 316 1131 Quod
329 1057 432 1115 mittat
445 1055 534 1113 nobis
550 1052 687 1114 decimus
700 1055 761 1114 iam
775 1073 838 1113 non
853 1055 951 1116 babet
966 1077 1085 1122 annosa

268 1140 421 1215 Quattuor
435 1136 474 1197 ad
487 1135 601 1215 libras,
622 1137 835 1215 Postumiana,
857 1139 939 1200 redi.

595 1301 714 1362 LXXII.

140 1475 144 1482 ,
226 1413 366 1476 Nondum
381 1417 498 1475 murice
513 1414 614 1476 cultus
629 1433 800 1495 asperoque

224 1499 332 1559 Morsu
348 1500 477 1579 pumicis
493 1498 572 1559 aridi
588 1496 704 1579 politus

226 1584 378 1642 Arcanum
396 1601 545 1663 properas
560 1584 664 1662 sequi,
685 1579 812 1658 libelle,

225 1666 322 1739 Quem
336 1667 545 1746 pulcherrima
559 1668 619 1726 iam
634 1664 740 1725 redire
754 1665 874 1742 Narbo,

204 1749 318 1810 illecti
333 1751 434 1810 Narbo
449 1751 583 1810 Paterna
598 1749 742 1824 Votieni,

225 1831 275 1891 Ad
287 1830 374 1912 leges
389 1835 476 1894 iubet
490 1851 667 1911 annuosque
684 1833 800 1904 fasces3

224 1916 314 1978 Votis
331 1917 414 1996 quod
427 1919 552 1997 paribus
567 1918 624 1977 tibi
638 1915 805 1996 petendum
820 1922 881 1992 est,

226 2001 394 2080 Continget
407 1999 495 2060 locus
509 1999 564 2060 ille
581 2005 613 2058 et
626 2001 677 2058 bic
695 2000 816 2058 amicas.

225 2083 319 2158 Quam
334 2083 445 2144 vellem
460 2085 530 2144 fleri
545 2101 630 2142 meus
643 2080 784 2142 libellus!

591 2241 723 2302 LXXlll.

225 2358 371 2433 Instanti,
394 2373 456 2434 qno
469 2373 527 2415 nec
542 2356 694 2414 sincerior
709 2353 788 2413 alter
802 2355 933 2413 babetur

265 2440 413 2516 Pectore,
436 2456 494 2498 nec
509 2440 597 2498 nivea
611 2436 809 2517 simplicitate
823 2437 924 2516 prior,

224 2524 258 2582 Si
273 2522 406 2582 dareris
421 2528 547 2582 nostrae
561 2523 643 2582 vires
660 2523 837 2598 animosque
853 2519 985 2581 Thaliae

264 2607 305 2666 Et
319 2607 436 2665 victura
449 2607 531 2686 petis
546 2606 696 2683 earmina,
718 2603 756 2662 da
771 2601 853 2682 quod
867 2622 975 2668 amem.

200 2689 356 2770 ocyutbia
371 2695 404 2748 te
419 2695 520 2749 vatem
535 2689 626 2766 iecit,
648 2687 762 2748 lascive
780 2686 942 2766 Properti3

264 2773 423 2851 Ingenium
439 2770 523 2831 Galli
542 2771 673 2852 pulchra
686 2771 816 2850 Lycoris
831 2775 906 2830 erat.

220 2856 315 2916 Fama
329 2863 378 2917 est
393 2857 493 2934 arguti
507 2856 647 2916 Nemesis
663 2855 797 2914 formosa
812 2851 945 2912 Tibulli:

264 2939 375 2999 Lesbia
390 2938 530 3017 dictauit,
551 2937 642 2999 docte
658 2935 798 3014 Catulle,
818 2937 884 2997 tibi.

221 3022 289 3081 Non
306 3040 356 3081 me
370 3022 493 3101 Peligni
508 3040 566 3083 nec
581 3027 710 3103 spernet
723 3021 849 3080 Mantua
863 3027 978 3098 ratem,

181 3114 216 3166 10
265 3105 298 3164 Si
315 3125 374 3184 qua
390 3107 524 3166 Corinna
537 3108 628 3183 mihi,
651 3107 677 3166 si
694 3103 762 3183 quis
776 3100 881 3162 Alexis
899 3104 969 3164 crit.

596 3270 728 3332 LXXIV.

221 3377 450 3456 Hoplomachus
464 3399 544 3440 nunc
561 3369 612 3458 es,
632 3383 737 3441 fueras
752 3380 976 3461 ophthalmicus
991 3389 1086 3446 ante.

262 3459 380 3519 Fecisti
395 3460 531 3521 medicus
547 3461 630 3540 quod
645 3464 721 3523 facis
737 3462 967 3543 hoplomacbus.
