2460 3878
399 550 443 624 u.
473 551 576 625 vm.
605 551 859 626 nanninus

314 716 943 816 uriunnnnnuon

511 905 758 965 mulsnxn.

387 1089 455 1150 Vas.
472 1089 629 1150 Martialis
643 1090 748 1152 Prisco
763 1109 821 1156 suo
835 1089 869 1152 S.

233 1197 309 1294 scio
324 1252 373 1292 me
384 1233 588 1312 patrocinium
599 1233 714 1293 debere
728 1234 1013 1294 contumacissimae
1030 1237 1143 1296 trienni

151 1317 303 1390 desidiae3
340 1335 399 1395 quo
428 1314 612 1378 absolvenda
637 1335 698 1376 nou
721 1323 804 1376 esset
824 1318 907 1376 inter
930 1314 1002 1378 illas
1023 1337 1143 1400 quoqne

120 1439 122 1442 -
149 1402 270 1461 urbicas
298 1401 531 1480 occupationes,
568 1399 676 1479 quibus
702 1397 822 1460 facilius
850 1403 1089 1480 consequimur,
1115 1411 1145 1460 ut

149 1485 271 1545 molesti
285 1487 405 1566 potius,
433 1502 521 1562 quam
539 1488 574 1543 ut
593 1483 725 1546 officiosi
746 1502 815 1544 csse
830 1483 1007 1560 videamur3
1034 1485 1145 1545 nedum

128 1571 182 1631 sin
197 1570 254 1628 hac
269 1565 451 1649 prouinciali
466 1564 644 1645 solitudine,
656 1567 708 1626 ubi
719 1567 779 1628 n'isi
793 1569 884 1628 etiam
899 1570 1146 1648 intemperanter

149 1652 321 1729 studemus,
345 1658 378 1710 ot
397 1652 463 1711 sine
486 1649 595 1711 solatio
614 1657 646 1710 et
660 1653 725 1710 sinc
741 1651 936 1713 excusatione
951 1654 1146 1714 secessimus.

148 1737 263 1815 Accipe
284 1753 357 1812 ergo
378 1735 547 1810 rationem;
571 1735 602 1793 in
628 1755 686 1814 qua
706 1735 765 1794 hoc
785 1735 945 1798 maximum
965 1741 1000 1794 et
1014 1738 1146 1814 primum

148 1825 211 1895 est,
249 1815 331 1898 quod
353 1819 484 1878 civitatis
506 1835 611 1894 aures,
647 1820 756 1896 quibus
779 1836 989 1895 assueverem,
1019 1838 1146 1896 quaero,

149 1909 181 1962 et
195 1903 303 1963 videor
323 1902 397 1962 mihi
417 1902 450 1960 in
472 1903 571 1962 alieno
591 1902 660 1961 ioro
675 1900 808 1980 litigare.
846 1901 969 1980 Siquid
986 1905 1146 1976 estenim,

111 1984 230 2065 toquod
255 1988 287 2045 in
314 1983 434 2046 libellis
459 1988 534 2046 meis
560 1983 697 2064 placeat,
728 1985 853 2046 dietavit
879 1984 1009 2046 auditor.
1059 1984 1146 2045 lllam

147 2069 328 2129 iudiciorum
344 2067 562 2147 subtilitatem,
591 2067 668 2128 illud
691 2071 885 2128 materiarum
900 2070 1079 2146 ingenium,
1101 2071 1147 2128 bi-

147 2152 335 2230 bliothecas,
357 2154 494 2230 theatra,
518 2153 691 2229 convietus,
712 2153 745 2212 in
766 2153 874 2232 quibus
890 2151 1017 2212 studere
1038 2171 1074 2212 se
1095 2172 1147 2211 ro-

15 2240 19 2248 ’
146 2235 280 2316 luptates
309 2255 371 2296 nou
396 2237 549 2313 sentiunt,
582 2234 621 2296 ad
644 2256 790 2296 summam
809 2238 943 2298 omnium
959 2233 1032 2312 illa,
1068 2253 1146 2314 quae

147 2319 271 2382 delicati
289 2319 486 2401 reliquimus,
511 2319 719 2381 desideramus
734 2321 820 2400 quasi
834 2319 983 2380 destituti.
1012 2318 1146 2380 Accedit

108 2404 194 2465 loliis
210 2405 435 2484 municipalium
449 2406 558 2484 rubigo
579 2404 715 2464 dentium
736 2410 769 2464 et
784 2403 879 2464 iudici
897 2401 967 2464 loco
985 2400 1084 2483 livor,
1103 2409 1146 2460 ·et

147 2507 224 2547 unus
240 2494 292 2547 aut
307 2486 387 2548 alter
401 2489 490 2567 mali,
510 2491 542 2548 in
557 2486 671 2568 pusillo
687 2486 756 2547 lo'co
772 2486 876 2561 multi;
896 2485 1043 2547 adversus
1061 2484 1145 2564 quod

147 2569 276 2630 difliclle
291 2573 464 2632 esthabere
480 2558 721 2632 cotidielrouum
734 2572 930 2631 stomachum.
957 2569 1004 2630 Ne
1018 2569 1146 2629 mireris
1217 2587 1218 2592 ¹

146 2654 239 2731 igitur
255 2656 374 2714 abiecta
383 2656 420 2715 ab
431 2642 698 2735 indignante‘quae
711 2676 727 2713 a
740 2657 893 2734 gestiente
902 2654 974 2713 fieri
987 2650 1144 2712 solebant.

146 2737 192 2797 Ne
220 2739 294 2817 quid
319 2747 421 2814 tamen
445 2737 680 2820 et·adveuienti
703 2739 760 2798 tibi
781 2740 817 2799 ab
847 2740 924 2797 urbe
947 2744 981 2796 et
1004 2737 1146 2814 exigenti

105 2829 306 2900 ionegarem,
321 2855 364 2868 -
378 2824 425 2883 cni
438 2843 499 2882 uon
514 2823 620 2883 refero
634 2824 778 2900 gratiam,
794 2823 819 2882 sl
834 2827 952 2881 tantun
967 2827 1144 2898 capraesto

146 2923 409 2985 quaepossum,-
419 2907 565 2987 imperavi
579 2907 664 2983 milui,
680 2906 762 2984 quod
773 2903 936 2984 indulgere
943 2921 1145 2973 consueram

146 2993 178 3047 ct
192 2988 295 3051 studui
307 2991 496 3068 paucissimis
511 2991 637 3067 diebus,
653 2996 686 3048 ut
697 2988 949 3052 familiarissimas
962 2987 1038 3047 mihi
1051 3004 1145 3045 aures

145 3079 213 3131 tuas
228 3073 402 3151 exciperem
420 3072 598 3134 adventoris
613 3093 675 3135 sue.
711 3072 760 3134 'lu
775 3071 865 3133 velim
880 3073 956 3148 ista,
977 3087 1056 3148 quae
1073 3077 1144 3130 tan-

144 3160 206 3214 tum
232 3155 312 3234 apud
331 3162 364 3216 te
384 3175 445 3216 uon
468 3156 700 3237 periclitantur,
736 3156 902 3236 diligenter
921 3155 1087 3216 aestimare
1109 3161 1145 3212 ct

102 3247 135 3298 ‘25
143 3245 288 3298 excutere
302 3259 364 3300 uon
379 3243 531 3318 graveris;
553 3248 601 3318 et,
617 3239 699 3320 qnod
713 3241 770 3302 tibi
787 3237 1001 3300 difficillimum
1019 3244 1089 3314 est,
1102 3235 1144 3295 de

143 3321 231 3394 nugis
253 3323 369 3382 nostris
388 3322 506 3382 iudices
526 3325 630 3382 nitore
650 3325 802 3403 seposito,
830 3341 870 3382 ne
885 3323 1027 3398 Romam,
1051 3323 1078 3380 si
1097 3321 1143 3379 ita
1217 3343 1218 3390 ι

143 3397 336 3478 decreveris,
363 3422 424 3461 non
440 3405 675 3484 Hispaniensem
689 3407 860 3482 mittamus,
889 3405 945 3464 sed
961 3404 1140 3484 Hispanum.
1217 3395 1218 3432 l
