2426 3900
348 225 691 292 EPIGRAMMA'I'ON
703 227 779 294 LIB.
796 226 832 288 ll
1070 227 1113 292 45

153 385 233 448 Ilsse
247 388 295 443 sat
308 386 358 442 est
371 399 509 460 servum,
531 381 593 440 iam
605 377 678 440 nolo
692 380 824 441 vicarius
841 397 920 442 esse.

196 467 257 544 Qui
270 483 326 528 rex
339 471 405 543 est,
426 482 550 544 regem,
571 463 724 543 Maxime,
744 482 807 524 oon
821 464 946 525 habeat.

553 610 635 674 XIX.

153 724 297 791 Felicem
309 724 381 785 fleri
397 720 500 784 eredis
515 740 581 802 me,
604 719 713 800 Zoile,
734 740 825 782 cena:

194 807 336 872 Felicem
350 826 444 886 cena,
465 805 577 868 zoile?
607 803 721 866 deinde
737 805 811 867 tua?

154 894 259 956 Debet
271 893 399 954 Aricino
415 891 541 951 oonvIva
554 890 737 950 recumbere
752 887 849 968 olivo,

197 978 296 1055 Quem
312 982 365 1037 tua
378 971 521 1053 felicem,
539 970 648 1051 Zoilo,
671 991 747 1034 cena
759 973 844 1035 facit.

558 1119 617 1180 XX

154 1235 299 1299 (immina
311 1230 426 1294 Paulus
441 1234 533 1311 emit,
553 1231 668 1292 recitat
683 1248 737 1290 soa
752 1231 887 1292 earmina
899 1229 1021 1296 Paulae

196 1318 273 1380 Nam
288 1316 371 1399 quod
386 1336 485 1396 emas,
505 1315 608 1398 possis
621 1315 690 1374 iore
706 1333 817 1376 vocare
832 1320 927 1382 tuum.

555 1461 628 1524 XXI

153 1580 246 1641 liasia
259 1577 313 1639 das
327 1576 412 1656 aliis,
433 1575 502 1638 aIIIs
519 1575 590 1655 das,
611 1576 776 1655 Postume,
799 1575 949 1638 dextram.

197 1663 282 1724 Dicis
296 1662 430 1741 „Utrum
447 1660 565 1756 marias?
586 1657 705 1738 elIge.“
733 1659 818 1722 Malo
832 1678 962 1724 manum.

553 1821 646 1892 XXII.

155 1933 238 2014 Quid
251 1935 328 1996 mibi
341 1935 497 1995 vobiscum
513 1941 579 2014 est,
600 1956 618 1995 o
632 1935 761 1995 Phoebe
779 1951 952 2013 novemque
965 1951 1090 1995 sorores

196 2019 280 2080 ane
298 2025 392 2079 nocet
404 2020 466 2078 vati
481 2018 572 2081 Mosa
585 2019 691 2079 iocosa
705 2036 770 2079 suo.

115 2121 118 2124 ·
153 2101 289 2165 Dimidio
303 2103 394 2163 nobis
411 2100 487 2163 dare
500 2101 663 2163 Postumus
679 2105 751 2163 ante
765 2097 886 2162 solebat

195 2187 301 2265 Basia,
322 2205 403 2247 auno
419 2185 507 2246 labro
523 2188 627 2267 eoepit
641 2192 775 2265 utroque
790 2183 876 2246 dare.

538 2346 646 2412 XXIII.

155 2458 225 2521 Non
242 2458 358 2538 dicam,
379 2457 457 2520 lieet
470 2478 568 2541 osque
585 2479 634 2522 me
648 2463 782 2541 rogetis,

155 2543 231 2620 QuIs
246 2545 288 2604 stt
299 2544 464 2604 Postumus
479 2545 513 2604 in
526 2563 595 2605 meo
609 2542 736 2624 libello,

28 2689 32 2696 ,
154 2626 224 2688 Non
240 2624 355 2688 diram:
378 2626 454 2707 quid
469 2629 553 2688 enim
565 2629 642 2690 mibi
658 2647 789 2691 necesse
803 2635 852 2690 est

155 2711 221 2771 Has
234 2709 397 2772 offendere
411 2711 617 2791 basiationes,

132 2795 245 2872 aquae
259 2812 294 2854 se
311 2801 374 2854 tam
387 2795 470 2855 bene
483 2795 641 2856 vindicare
654 2796 808 2877 possuntt
843 2863 848 2868 ,

540 2943 650 3007 XXIV.

157 3054 191 3116 Si
207 3055 262 3116 det
274 3057 383 3136 iniqua
395 3057 454 3118 tibi
468 3057 590 3118 tristem
606 3057 732 3118 fortuna
743 3062 879 3140 reatum,

199 3137 366 3220 Squalidus
378 3141 516 3202 haerebo
531 3138 740 3222 pallidiorque
754 3160 828 3203 reo:

156 3221 192 3283 Si
204 3223 313 3284 iubeat
324 3225 426 3304 patria
441 3223 614 3286 damnatum
631 3224 785 3287 excedere
799 3233 902 3302 terra,

199 3306 263 3367 Per
277 3308 376 3388 freta,
397 3327 457 3389 per
471 3308 613 3390 scopulos
628 3308 726 3371 exulis
739 3311 791 3371 ibo
808 3327 922 3374 eomes.

129 3390 216 3452 ellat
230 3391 289 3451 tibi
304 3389 435 3454 divitias.
465 3393 613 3472 „Ecquid
623 3400 695 3454 sunt
707 3395 768 3456 ista
782 3391 958 3456 duoruml“

159 3550 166 3556 ·
198 3474 260 3534 lias
275 3477 419 3555 partem?
443 3475 601 3556 „Multam
615 3478 696 3538 est.“
732 3475 889 3557 Candide,
910 3476 963 3537 das
978 3473 1117 3556 aliquidi
