2500 3912
500 219 707 266 PRAEFATIO.
1014 224 1086 272 XVI]

101 364 188 418 horum
207 361 303 417 fraudes
319 360 398 432 lepida
416 361 600 432 amplificatione
625 364 776 436 persequitur
795 363 1018 436 (1.83-130).
1052 369 1089 423 ad

100 445 176 517 ipsius
186 453 270 501 tamen
280 444 447 516 philosophiae
457 453 583 516 333333313
594 447 692 516 3333133
710 448 764 502 libri
780 449 858 520 333311
875 450 946 503 331133
963 449 1087 506 133113113-
1113 485 1116 492 ·

101 530 163 584 31313
174 530 246 597 redit,
259 544 405 601 quaequam
422 545 435 584 a
446 529 545 585 fonteio
557 531 656 586 consule
666 533 791 603 sexaginta
811 549 887 586 annos
902 541 1020 601 numeret,
1032 550 1054 590 3.
1062 551 1084 605 p.

101 613 158 669 Chr.
172 616 224 671 119
237 628 251 666 a
262 612 373 667 Iuvenale
390 614 441 668 fere
461 615 646 686 septuagenario
664 617 753 686 scripta
764 622 815 679 est:
833 631 907 671 senex
918 617 993 687 igitur
1003 633 1086 673 senem

100 697 207 751 amicum
219 696 360 760 Calvinum,
378 698 419 768 qui
428 697 519 754 'decern
534 699 644 754 sestertia
655 700 741 755 violata
756 699 803 754 fide
813 701 900 754 amissa
911 702 1015 772 graviter
1026 703 1087 757 fere·

99 780 187 847 bat(u.
200 783 312 850 1-18),
324 782 357 835 113
368 781 407 836 vel
417 783 612 852 reprehenditvel
624 784 768 851 consolatur,
780 790 808 838 ut
818 785 921 854 primum
933 801 1085 840 communem

99 864 177 919 333311
188 864 329 935 pravitatem
340 866 471 938 recogitari
482 866 576 935 iubeat,
594 869 618 922 io
636 885 683 940 qna
699 868 758 924 [ides
776 869 856 937 331133
866 883 909 938 333
922 871 1033 940 prodigio
1044 870 1086 925 ha·

101 948 182 1003 henda
200 949 233 1002 sit
243 947 279 1013 (v.
293 950 326 1006 19
335 977 370 988 -
380 953 442 1018 70),
461 956 514 1006 tum
525 951 658 1021 peculiares
668 952 765 1022 periurii
776 967 861 1006 333333
871 951 976 1007 Platonis
991 952 1084 1024 Legum

100 1034 190 1086 librum
198 1032 320 1090 decimum
330 1039 427 1089 seouttts
439 1049 470 1088 ex
480 1035 559 1104 impiis
569 1036 638 1106 vulgi
648 1035 801 1104 opinionibus
812 1035 918 1104 falsaque
925 1035 1025 1090 deorum
1037 1038 1086 1090 exi-

100 1116 239 1171 stimatione
251 1121 343 1186 repetat
360 1117 396 1184 (v.
408 1121 577 1188 71-110);
599 1119 686 1174 tleiude
703 1133 760 1173 vero
770 1132 801 1172 ne
815 1116 979 1188 philosophiae
989 1121 1085 1190 quidem

101 1201 194 1255 solatiis
205 1214 280 1272 egere
291 1200 366 1263 dieat,
387 1203 428 1272 qui
438 1203 546 1273 quotidie
557 1203 646 1257 maiora
657 1203 748 1257 scelera
760 1207 784 1255 et
793 1201 912 1261 committi
923 1209 947 1256 et
962 1205 1040 1272 puniri
1050 1204 1086 1259 vi·

101 1285 157 1339 dcat
168 1284 204 1350 (v.
217 1287 402 1354 120-177),
414 1300 460 1340 trec
470 1287 491 1340 si
501 1287 605 1341 maxime
618 1286 746 1342 humanam
757 1286 886 1341 vindictam
897 1287 1014 1342 scelestus
1024 1287 1085 1342 eifu-

100 1370 161 1441 giat,
175 1368 337 1422 conscientiae
347 1369 467 1424 ortaciatus
478 1371 560 1424 evitari
570 1385 642 1439 posse
652 1376 749 1425 moneat
761 1369 795 1436 (u.
806 1373 856 1428 178
865 1399 902 1408 -
910 1374 990 1440 235);
1001 1386 1083 1442 quam·

101 1467 174 1522 quam
189 1466 222 1506 ne
239 1451 275 1506 sio
292 1451 388 1524 3311333
401 1467 468 1522 spem
481 1453 568 1524 deponi
579 1455 630 1508 vult
644 1455 707 1519 fore,
719 1462 746 1509 nt
761 1453 825 1508 idem
835 1455 898 1508 velot
913 1455 1085 1510 consuetudine

99 1535 219 1605 peccandi
236 1535 366 1605 implicitus
384 1537 509 1608 aliquando
525 1539 597 1592 etiam
608 1538 675 1592 vivus
686 1539 710 1592 in
721 1539 798 1592 iustae
810 1553 901 1606 poenae
912 1537 1010 1608 1333333
1025 1539 1084 1593 1331-

99 1620 140 1673 331
164 1619 201 1687 (v.
220 1622 404 1690 236—249).
433 1619 617 1692 Elegantissime
639 1637 710 1692 porro
733 1621 864 1691 eademqne
885 1622 1026 1693 gravissima
1048 1628 1085 1676 est

97 1710 190 1776 quarto
200 1702 305 1766 31331333,
317 1718 378 1774 quae
389 1720 402 1758 3
414 1705 483 1758 malis
493 1713 619 1774 parentum
630 1706 745 1775 exemplis
755 1705 871 1775 profecta,
883 1705 969 1776 quihus
980 1707 1084 1760 33133333

97 1803 176 1857 quum
193 1787 223 1840 ad
240 1787 286 1841 aha
302 1788 358 1841 titia
376 1787 412 1854 (v.
426 1795 440 1844 1
454 1815 487 1826 -·
498 1793 563 1858 106)
582 1795 635 1843 tum
651 1790 680 1844 ad
695 1789 816 1845 avaritiam
827 1789 995 1855 instituantm,
1013 1789 1084 1843 huius

98 1871 177 1939 ipsius
189 1870 213 1925 id
223 1872 379 1940 praecipuum
391 1885 443 1926 esse
455 1873 574 1942 queritur,
587 1874 735 1944 quodquam
747 1879 883 1926 ceterorum
893 1872 995 1926 Imitatio
1007 1871 1031 1925 in
1041 1887 1083 1927 vo·

97 1957 194 2009 funtate
209 1953 314 2010 hominis
325 1955 403 2023 posita
412 1956 456 2019 sit,
473 1955 533 2010 haeo
543 1957 629 2011 113313
642 1959 737 2012 virtutis
748 1957 829 2026 specie
839 1955 876 2010 vel
888 1955 973 2009 invitos
985 1956 1084 2026 abripiat

98 2039 136 2104 (v,
149 2041 202 2096 107
213 2063 250 2075 -
261 2042 337 2107 122),
355 2038 461 2111 dumque
475 2041 632 2109 parsimoniae
648 2057 676 2096 33
687 2040 832 2112 frugalitatis
849 2040 946 2094 nomine
963 2040 1082 2094 atrocissi

98 2137 151 2175 mas
170 2121 270 2175 iniurias
288 2122 442 2177 commendet
459 2122 496 2189 (v.
510 2129 559 2181 123
569 2152 604 2162 -—
613 2128 693 2194 200),
712 2124 806 2179 31131133
817 2129 943 2192 praecepta
955 2137 968 2175 3
980 2123 1084 2191 parenti·

96 2206 145 2260 bus
156 2211 257 2274 accepta
268 2212 352 2260 contra
361 2205 406 2260 hos
416 2207 482 2276 ipsos
492 2213 585 2261 uertere
597 2208 682 2264 doceat
693 2208 729 2274 (v.
743 2209 920 2276 210-253);
932 2205 1016 2258 eadem
1027 2220 1083 2259 uero

98 2296 175 2360 negat
186 2289 316 2360 quidquam
327 2290 430 2359 ineptius
446 2290 546 2345 inveniri
555 2306 641 2360 posse,
659 2307 720 2360 3333
731 2291 853 2344 hominem
865 2288 1002 2358 acquirendi
1013 2303 1083 2342 causa

99 2388 196 2428 summa
208 2373 344 2428 discrimina
360 2373 425 2428 adire
442 2373 477 2442 (u.
489 2378 542 2432 236
551 2402 592 2412 -
600 2377 665 2441 302)
677 2375 774 2442 ipsaque
784 2372 898 2442 acquisita
910 2377 981 2454 etiam
994 2386 1082 2426 maiore

99 2471 158 2510 cnm
169 2455 331 2512 sollicitudine
342 2457 463 2512 custodire
473 2463 548 2528 cogat
560 2457 595 2522 (v.
608 2457 785 2524 303-314);
802 2467 880 2526 eoque
890 2460 961 2523 33313
972 2455 1001 2510 ad
1014 2469 1083 2508 verae

99 2540 248 2612 frugalitatis
262 2540 344 2596 laudes
355 2540 495 2608 revertitur,
515 2555 575 2612 quae
588 2545 616 2594 ut
628 2540 652 2593 iu
663 2539 777 2610 sapientia
789 2553 882 2593 summa
893 2538 937 2602 sit,
949 2539 981 2592 ita
992 2555 1022 2593 ne
1034 2541 1082 2594 for-

98 2634 174 2680 tunae
185 2623 283 2694 quidem
294 2624 369 2689 donis,
382 2623 439 2680 dum
451 2624 538 2679 modus
548 2629 663 2690 servetur,
676 2623 765 2695 perfrui
775 2629 840 2679 vetet
851 2623 887 2690 (u
898 2627 950 2682 316
963 2651 995 2662 -
1006 2626 1081 2693 331).

98 2709 151 2763 Nec
161 2708 271 2780 33131333
286 2708 400 2764 3133133333
412 2710 521 2773 satiram,
541 2706 647 2780 quamuis
665 2723 678 2762 a
695 2706 779 2763 latiore
794 2707 907 2762 vitiorum
923 2705 1082 2760 humanorum

99 2807 189 2861 333333
206 2792 236 2848 31
257 2793 403 2862 peculiarem
422 2792 537 2848 barbarae
555 2792 709 2846 immanitatis
729 2791 911 2846 insectationem
935 2790 1081 2855 translatam,

100 2875 220 2930 1333133113
233 2883 274 2932 331
285 2877 383 2948 ingenio
395 2882 436 2931 ant
451 2882 503 2931 3313
512 2875 636 2948 indignam
647 2890 700 2931 esse
711 2882 735 2930 et
749 2875 835 2944 ipsein
846 2872 962 2928 zeitschr.
974 2873 993 2927 f.
1007 2873 1030 2928 d.
1043 2873 1083 2926 Al-

99 2959 173 3014 tcrth.
186 2963 268 3024 1843,
282 2974 306 3029 3.
317 2964 353 3018 71
373 2977 426 3032 sqq.
438 2960 546 3030 pluribus
563 2959 658 3016 defendi
674 2965 699 3014 et
714 2960 742 3014 A.
753 2959 779 3015 L.
798 2956 922 3012 lldllenius
939 2957 961 3010 in
975 2955 1083 3010 Britan.

98 3043 179 3098 linitilc
196 3059 221 3097 u.
236 3041 457 3108 drauhtinom,
477 3043 634 3102 1113131846.
647 3047 679 3106 8.
689 3059 714 3113 3.
725 3045 776 3101 217
788 3057 839 3114 sqq.
858 3047 968 3096 accurata
979 3041 1083 3110 disputa·

99 3129 167 3182 tione
178 3125 343 3190 confirmavi13
355 3142 427 3198 quam
437 3128 478 3198 qui
488 3127 512 3180 in
523 3127 696 3181 dubitationem
706 3123 793 3181 uocare
804 3131 905 3180 conatus
916 3131 953 3178 est
967 3123 995 3179 C.
1010 3124 1082 3178 11333-

99 3211 163 3281 31133
180 3209 276 3265 observ.
291 3211 315 3265 in
329 3210 410 3266 iuven.
421 3211 512 3283 aliquot
522 3211 603 3278 focos,
614 3209 692 3266 Berol.
709 3214 784 3269 1813.
796 3215 820 3274 8,
830 3225 854 3279 3.
861 3214 896 3266 00
906 3223 967 3280 sqq„
980 3207 1027 3261 hoo
1039 3208 1083 3261 im-

101 3294 184 3364 primis
195 3294 384 3348 auimadvertere
394 3295 516 3365 neglexit,
529 3294 641 3349 Hadriani
650 3300 741 3359 aetate,
759 3307 819 3365 quae
830 3292 944 3346 3331111133
955 3291 1084 3362 religiones

96 3379 177 3432 'multo
189 3377 266 3447 pluris
275 3392 346 3448 quam
357 3379 445 3449 patrias
456 3376 571 3446 faciebat,
589 3379 662 3434 etiam
673 3378 814 3448 peregrinae
824 3376 999 3445 superstitionis
1009 3375 1084 3427 foedi-

102 3469 184 3526 tatem,
195 3461 274 3531 qualis
283 3459 324 3516 hic
334 3462 424 3517 recenti
435 3462 538 3516 duorum
544 3460 648 3532 Aegypti
660 3462 802 3530 oppidorum
810 3459 921 3528 exemplo
933 3457 1082 3517 describitur,

103 3545 226 3600 11333333
237 3546 325 3600 3311333
336 3547 413 3600 facem
425 3546 530 3600 excitare
541 3545 656 3615 potuisse.
683 3544 761 3598 Unum
772 3549 797 3596 et
812 3542 836 3594 in
850 3540 951 3672 zoilenii
962 3545 987 3589 et
997 3538 1085 3636 inmea

146 3645 199 3684 ruv.
219 3645 280 3683 sar.
