2430 3894
112 239 174 304 116
436 237 480 299 Μ.
496 237 587 300 VAL.
604 237 830 300 MARTthlS

573 437 699 502 XXXV.

195 557 273 614 ilum
289 556 348 615 sibi
363 553 469 614 redire
487 551 527 612 de
543 554 744 614 Patrensibus
759 553 864 614 fundis

195 640 321 698 Ducena
336 636 447 699 clumat
461 638 636 698 coccinatus
651 635 798 698 Euclides

196 723 422 802 Corinthioque
437 721 527 801 plura
545 719 584 780 de
600 723 775 782 suburbano

195 806 395 886 Longumque
409 804 541 887 pulchra
555 810 683 864 atenim
696 807 814 888 repetit
829 804 941 865 aLeda

172 891 237 950 siit
251 891 411 950 suscitanti
427 889 518 949 Leito
533 887 722 950 reluctatur:

195 975 302 1052 Equiti
318 976 471 1056 superbo,
493 971 608 1049 nobili,
626 971 779 1053 locupleti

197 1056 322 1118 Cecidit
336 1063 468 1138 repente
484 1075 592 1135 magna
608 1056 648 1116 de
663 1058 732 1116 sinu
748 1055 851 1118 clavis.

195 1139 374 1220 Nunquam,
394 1137 542 1218 Fabulle,
565 1141 697 1222 nequior
710 1141 771 1200 fuit
787 1139 887 1202 clavis.

564 1273 702 1338 XXXVI.

195 1386 349 1450 Laudatus
366 1392 472 1447 :rostro
488 1386 626 1466 quidum,
647 1387 812 1466 Faustine,
831 1385 940 1470 libello

238 1467 433 1549 Dissimulet,
455 1471 542 1550 quasi
556 1470 601 1531 nil
616 1471 743 1532 debeat:
765 1471 918 1552 imposuit.

554 1602 707 1668 XXXVII.

196 1717 305 1779 Puellu
319 1719 444 1778 senibus
459 1716 581 1778 dulcior
595 1719 671 1778 mihi
687 1720 808 1798 cygnis,

198 1804 285 1881 Agna
301 1800 426 1862 Galaesi
440 1800 564 1861 mollior
577 1800 770 1881 Piraiantini,

198 1886 324 1946 Concha
338 1885 465 1945 Lucrini
480 1885 645 1946 delicatior
660 1888 776 1966 stagni,

197 1971 255 2029 (lui
269 1987 329 2029 nec
342 1968 467 2049 lapillos
481 1969 642 2050 praeferas
655 1971 864 2050 Erythraeos,

176 2053 265 2116 5Nec
280 2052 371 2113 modo
385 2051 515 2134 politum
530 2053 659 2133 pecudis
675 2053 799 2115 indicae
814 2054 939 2114 dentem

195 2138 351 2217 Nivesque
364 2138 478 2217 primus
492 2136 655 2218 liliumque
670 2158 732 2198 non
744 2145 875 2212 tuctum;

197 2221 282 2297 Quae
298 2224 384 2281 crine
400 2222 474 2281 vicit
486 2222 604 2281 Baetici
619 2223 723 2301 gregis
737 2223 834 2282 vellus

196 2305 361 2385 Rhenique
375 2305 473 2365 nodos
489 2324 673 2384 aureamque
688 2305 844 2380 nitellam;

198 2389 361 2469 Fragravit
376 2409 448 2467 ore,
471 2389 553 2469 quod
567 2391 719 2450 rosarium
734 2389 855 2467 Paesti,

155 2483 188 2535 lo
197 2474 287 2550 Quod
302 2475 474 2534 Atticarum
490 2475 590 2552 primu
605 2473 697 2534 mella
712 2493 868 2552 cerarum,

196 2555 287 2633 Quod
304 2558 480 2616 sucinorum
493 2563 583 2636 rapta
597 2557 637 2616 de
653 2578 742 2618 manu
757 2558 863 2638 gleha;

196 2640 254 2701 (hui
270 2649 464 2720 comparatus
478 2639 627 2701 indecens
642 2648 711 2703 erat
724 2661 835 2723 pavus,

194 2721 366 2784 Inamabilis
380 2723 499 2784 sciurus
518 2731 550 2785 et
565 2725 714 2804 frequens
729 2727 880 2806 phoenix:

194 2806 306 2869 Adhuc
320 2811 442 2869 recenti
456 2815 546 2888 tepet
559 2810 691 2869 Erotion
707 2812 814 2888 busto,

154 2901 187 2953 15
195 2892 291 2968 Quum
305 2894 508 2973 pessimorum
522 2892 574 2954 lex
588 2913 689 2953 amaru
704 2894 839 2955 latorum

194 2976 288 3035 Sexta
302 2977 426 3056 peregit
440 2977 559 3056 hicme,
581 2995 641 3037 nec
656 2983 758 3039 tamen
773 2985 858 3056 tota,

193 3059 325 3118 Nostros
340 3079 460 3120 amores
475 3061 679 3141 gaudiumque
693 3064 849 3142 lususque.

192 3142 234 3202 lut
249 3161 318 3203 esse
335 3144 457 3203 tristem
474 3163 523 3205 me
538 3165 624 3206 meus
638 3153 722 3206 vetat
735 3147 864 3224 Paetus,

192 3226 368 3305 Pectusque
385 3226 511 3308 pulsans
525 3231 645 3310 pariter
660 3237 693 3291 et
707 3249 824 3291 comam
838 3227 972 3292 vellens·

150 3311 337 3386 ²⁰„Deilere
356 3331 419 3371 nou
433 3318 465 3372 te
478 3313 625 3374 vernulae
638 3314 736 3394 pudet
749 3316 904 3375 mortem?

193 3393 259 3469 ligo
276 3395 460 3474 coniugem“
474 3399 575 3476 inquit
589 3398 707 3475 „extuli
724 3404 757 3458 et
771 3404 874 3459 tamen
887 3399 975 3476 viso,

194 3476 319 3557 Notum,
341 3481 522 3558 superbum,
545 3479 699 3560 nobilem,
721 3480 944 3570 lqcupletem.“
