2426 3900
454 227 498 289 Μ.
516 227 608 291 VAL.
625 227 852 288 MAR'l‘lALlS

566 426 728 491 LXXVIII.

215 540 357 602 Minxisti
372 539 519 600 curiente
534 538 647 618 semel,
666 539 813 618 Pauline,
835 540 947 600 carina

257 625 381 685 Meiere
394 625 441 684 vls
455 624 591 684 iterum?
611 625 672 684 iam
685 622 849 684 Palinurus
864 626 935 684 eris.

584 757 718 818 LXXIX.

214 873 293 934 ltem
306 871 429 952 peregit
442 867 558 929 nullam
573 869 748 946 Sertorius,
769 868 895 928 inchoat
910 887 1030 934 omnes.

257 957 348 1017 Hunc
365 973 439 1034 ego,
461 973 529 1014 cum
547 955 657 1031 futuit,
678 971 740 1012 non
753 958 830 1032 puto
843 953 1007 1033 perlicere.

595 1086 716 1150 LXXX.

216 1203 262 1262 De
276 1202 364 1263 nullo
380 1203 536 1282 loqueris,
558 1200 636 1261 nulli
651 1198 827 1278 maledicis,
847 1198 955 1278 Apici:

256 1286 372 1347 Rumor
388 1288 431 1348 ait
446 1283 571 1365 linguae
584 1293 618 1346 te
631 1291 734 1345 tamen
747 1301 818 1344 csse
834 1281 941 1345 malae.

588 1418 723 1480 LXXXI.

216 1534 299 1613 Quid
313 1554 381 1596 cum
395 1533 531 1599 femineo
546 1534 620 1612 tibi,
640 1533 766 1594 Baetice
783 1529 887 1611 Galle,
908 1533 1082 1594 baratlrroi
1198 1589 1199 1620 ,

258 1619 345 1680 llaec
359 1619 454 1680 (lebet
467 1617 586 1679 medios
599 1616 738 1677 lambere
751 1603 857 1694 lingua
870 1616 960 1678 viros.

217 1703 363 1762 Abscissa
378 1710 426 1762 est
441 1720 537 1782 quare
553 1701 656 1761 Samia
670 1701 727 1761 tibi
741 1698 878 1784 mentula
892 1707 990 1780 testa,

259 1786 292 1846 Si
308 1786 365 1845 tibi
380 1791 441 1845 tam
456 1791 580 1864 gratus,
601 1786 745 1862 Baetice,
768 1803 884 1844 cunnus
900 1783 991 1843 erat?

194 1868 419 1948 illustrandum
435 1875 527 1949 caput
542 1874 605 1929 est:
627 1889 697 1929 nam
712 1870 754 1931 als
769 1865 847 1929 licet
860 1868 984 1948 inguine
1001 1865 1130 1948 Gallus,

251 1954 353 2022 ,Sacra
365 1960 468 2013 tamen
487 1951 622 2033 cybeles
638 1950 773 2033 decipis:
794 1970 850 2012 ore
864 1953 912 2012 vlr
928 1969 971 2014 es.

577 2101 725 2162 LXXXll.

217 2214 351 2278 Conviva
365 2215 503 2295 quisquis
515 2214 597 2275 Zoili
611 2222 717 2295 potest
731 2234 817 2294 esse,

217 2298 468 2360 Summoeniauas
483 2305 575 2360 cenet
590 2300 675 2358 inter
689 2318 801 2360 uxores

217 2384 374 2464 Curtaque
388 2382 494 2445 Ledae
508 2384 630 2448 sobrias
644 2383 730 2442 bibat
744 2390 839 2444 testas

216 2468 286 2526 Hoc
301 2486 370 2527 esse
385 2466 485 2526 levius
499 2468 668 2546 puriusque
684 2466 840 2528 contendi.

193 2549 301 2611 clucet
315 2555 464 2629 occupato
479 2549 651 2627 galbinatus
665 2550 794 2611 inlecto

83 2679 87 2681 -
217 2633 401 2710 Cubitisque
416 2632 515 2691 trudit
530 2633 604 2692 hinc
618 2639 651 2693 et
664 2631 738 2694 iude
753 2636 893 2696 convivas

216 2714 352 2777 Effultus
367 2722 452 2776 ostro
468 2716 646 2796 Sericisque
660 2715 808 2797 pulvillis.

216 2800 285 2860 Stat
300 2799 439 2861 exoletus
454 2803 654 2880 suggeritque
669 2804 803 2863 ructanti

216 2884 331 2944 Pinnas
345 2887 494 2947 rubentes
510 2885 716 2965 cuspidesque
731 2884 872 2964 lentisci,

174 2969 257 3032 rona
272 2970 425 3028 aestuanti
439 2975 535 3030 tenue
549 2968 680 3029 ventilat
693 2970 793 3048 frigus

216 3052 332 3132 Supina
346 3053 471 3132 prasino
486 3054 657 3113 concubina
670 3053 813 3128 flabell03

214 3135 377 3214 Fugatque
392 3154 510 3195 muscas
525 3143 644 3215 myrtea
658 3155 739 3217 puer
751 3137 846 3216 virga.

215 3220 379 3280 Percurrit
392 3219 464 3298 agili
479 3239 591 3300 corpus
605 3228 673 3280 arte
687 3221 850 3280 tractatrix

215 3303 404 3382 Manumque
419 3302 540 3363 doctam
554 3306 672 3382 spargit
687 3307 827 3364 omnibus
844 3302 1007 3378 membriss

172 3386 309 3464 lolliglti
326 3387 481 3465 crepantis
495 3388 580 3464 signa
594 3388 681 3447 novit
693 3388 867 3464 eunuchus,

214 3469 258 3529 llt
271 3465 423 3528 delicatae
438 3469 611 3528 sciscitator
627 3471 734 3529 urinae
