2500 3912
439 203 564 252 SATIRA
582 204 634 250 111.
993 196 1030 257 13

55 346 176 407 llerculis
195 345 338 405 Antaeum
361 343 498 422 procula
520 342 626 403 tellure
649 345 785 420 tenentis,

55 430 161 490 Miratur
181 447 287 490 vocem
308 437 476 505 augustam,
503 445 559 504 qua
581 427 708 487 deterius
727 446 783 488 neo
997 441 1031 495 90

56 513 101 573 llle
122 525 219 590 sonat,
242 530 298 592 quo
319 511 470 572 mordetur
491 511 599 588 gallina
621 509 746 572 marito?

56 596 126 660 llaec
145 598 248 659 eadem
269 597 339 657 licet
361 605 391 655 et
409 594 494 656 nohis
516 594 651 656 laudare:
675 597 727 656 sed
745 595 803 655 illis

57 679 185 741 Creditur.
230 680 276 740 An
296 680 415 756 melior,
441 697 526 757 qutun
547 678 657 739 Thaida
679 682 801 739 sustinet
823 690 872 740 aut
893 699 977 766 pgr-run

55 763 170 825 Uxorem
192 764 352 825 comoedus
374 765 434 841 agit
455 762 504 823 uel
521 762 630 824 Dorida
649 763 728 824 nullo

58 846 155 909 Cultam
172 846 318 928 palliolo?
340 847 443 909 mulier
465 865 571 926 nempe
588 848 651 926 ipsa
673 848 799 925 videtur,
996 863 1030 916 95

56 930 111 991 Non
131 950 256 1013 persona
279 933 375 1010 loqui:
395 949 488 993 vacua
511 940 540 991 et
562 931 647 1010 plana
670 933 765 991 omnia
788 932 868 992 dicas

56 1015 121 1076 lnlra
138 1017 329 1078 ventriculum
348 1025 378 1075 et
399 1017 480 1076 tenui
502 1016 634 1076 distantia
654 1018 735 1075 rima.

55 1097 109 1158 Nec
128 1109 219 1162 tamen
239 1100 401 1161 Antiochus
423 1118 479 1161 nco
503 1101 558 1159 erit
576 1098 717 1159 mirabilis
737 1097 797 1158 illic

56 1182 105 1242 hut
126 1185 287 1246 Stratocles
310 1193 358 1244 aut
381 1202 444 1244 cum
465 1183 547 1244 molli
568 1182 734 1244 Demetrius
755 1181 882 1243 Haemo:

55 1265 127 1326 Natio
147 1270 288 1330 comoeda
311 1278 365 1329 est.
410 1267 517 1328 Rides:
541 1268 651 1328 maiore
673 1266 813 1328 cachinno
979 1282 1030 1334 100

57 1347 223 1430 Concutitur;
244 1353 313 1429 flet,
337 1353 362 1412 si
384 1352 519 1413 lacrimas
541 1353 695 1432 conspexit
717 1352 811 1428 amici,

56 1431 108 1493 Nec
128 1436 219 1510 dolet3
241 1436 400 1515 igniculum
423 1436 541 1497 brumae
564 1437 589 1496 si
611 1445 745 1516 tempore
766 1453 885 1514 poscas,

55 1517 156 1598 Accipit
178 1520 393 1592 endromidem
414 1523 439 1581 si
462 1520 570 1580 dixeris
592 1529 711 1595 aestuo,
736 1520 827 1582 sudat.

56 1598 109 1660 Non
127 1622 220 1666 sumus
242 1622 317 1682 ergo
337 1623 441 1684 pares:
462 1604 581 1680 melior,
605 1606 652 1682 qui
676 1622 794 1682 semper
816 1615 846 1666 et
868 1609 944 1667 omni

56 1683 136 1746 Nocte
156 1688 260 1768 dicque
284 1698 383 1768 potest
402 1688 496 1752 aliena
518 1705 632 1748 sumere
652 1687 761 1748 vultum
980 1703 1028 1753 105

56 1767 172 1849 liade,
191 1775 304 1833 iactare
324 1791 442 1848 manus,
465 1772 583 1832 laudare
607 1781 736 1850 paratus,

57 1852 81 1908 Si
97 1852 165 1915 benc
184 1857 327 1933 ructavit,
348 1857 373 1915 si
393 1865 504 1916 rectum
526 1857 627 1916 minxit
649 1857 768 1932 amicus,

56 1935 79 1992 st
98 1938 176 2000 trulla
198 1941 318 2001 inverso
341 1942 483 2019 crepitum
502 1938 580 2002 dedit
601 1958 689 2000 aurea
711 1940 810 2001 fundo.

56 2017 193 2086 Praeterea
214 2034 346 2085 sanctum
368 2024 439 2084 nihil
461 2033 579 2084 estnec
601 2023 637 2084 ah
658 2026 775 2101 inguine
797 2033 901 2086 tutum:

55 2099 108 2162 Non
124 2116 248 2169 matrona
268 2109 354 2185 laris,
377 2126 434 2168 non
458 2108 515 2169 lilia
536 2109 640 2186 virgo,
664 2127 760 2188 neque
783 2108 848 2188 ipse
977 2121 1028 2173 110

56 2185 169 2263 Sponsus
189 2194 265 2253 levis
288 2193 397 2269 adhuc,
420 2211 477 2254 non
500 2193 576 2253 lilius
595 2201 661 2253 ante
682 2194 821 2273 pudicus3

57 2267 147 2334 llorun
168 2279 191 2336 si
212 2276 284 2338 nihil
306 2287 368 2353 est,
392 2278 484 2338 aviam
507 2279 657 2355 resupinat
677 2278 772 2336 unrici.

57 2354 126 2418 Scire
145 2361 243 2423 volunt
264 2370 380 2423 secreta
403 2361 505 2422 domus
526 2370 612 2440 atque
631 2360 698 2420 inde
720 2361 824 2418 timeri.

57 2433 86 2494 Et
105 2445 230 2518 quoniam
252 2448 351 2526 coepit
374 2444 552 2508 Graecorum
572 2446 699 2519 mentio,
722 2443 811 2503 transi

58 2519 190 2595 Gymnasia
212 2539 300 2608 atque
323 2531 388 2590 audi
410 2531 523 2592 lacinus
541 2531 659 2589 maioris
681 2527 814 2589 ahollae:
978 2539 1028 2589 115

59 2603 157 2669 Stoicus
175 2613 284 2674 occidit
302 2614 424 2675 Baream
444 2615 575 2689 delator,
597 2615 719 2674 amicum

59 2683 275 2776 discipulumque
298 2716 390 2759 senex
411 2700 475 2778 ripa
493 2700 615 2758 nutritus
635 2699 664 2757 iu
686 2696 747 2770 illa,
883 2746 888 2759 ,
931 2749 934 2760 .
1042 2735 1048 2744 -

61 2769 97 2830 hd
118 2793 194 2853 quam
211 2779 360 2860 Gorgonei
382 2782 503 2862 delapsa
527 2791 572 2842 est
592 2784 679 2861 pinna
700 2779 820 2864 cahalli!
879 2771 1021 2850 &¹²³²
1035 2774 1048 2799 ““

61 2851 112 2914 Non
132 2871 173 2921 est
191 2862 320 2927 Romano
343 2868 475 2945 cuiquam
498 2867 581 2927 locus
603 2865 666 2940 hic,
687 2865 736 2924 ubi
758 2875 862 2952 regnat

62 2933 220 3035 Protogenes
241 2951 344 3030 aliquis
363 2951 412 3011 vel
434 2950 568 3030 Diphilus
587 2959 634 3010 aut
654 2949 860 3026 Hermarchus,
977 2959 1027 3011 120

65 3017 107 3088 Qui
126 3032 211 3102 gentis
232 3036 302 3094 vitio
324 3054 475 3115 numquam
496 3036 617 3113 partitur
639 3035 771 3110 amicum,

66 3101 135 3201 Stltus
153 3111 249 3186 hahet;
271 3137 336 3180 nam
358 3137 444 3199 quum
465 3119 581 3180 facilem
603 3119 723 3179 stillavit
742 3120 771 3178 in
794 3136 891 3180 aurem

68 3181 183 3282 Ehgsstm
204 3200 239 3260 de
261 3213 380 3265 naturae
401 3205 571 3282 patriaeque
592 3220 718 3278 ueneno,

68 3262 152 3336 lmine
173 3301 368 3363 summoveor,
393 3288 541 3366 perierunt
561 3296 694 3366 tempora
716 3288 796 3365 longi

71 3349 177 3432 Servitii;
198 3385 334 3450 nusquam
355 3372 448 3432 minor
469 3379 514 3432 est
533 3372 643 3432 iactura
664 3371 789 3432 clientis.
977 3376 1025 3428 115

103 3436 171 3509 Quod
191 3467 276 3528 porro
299 3455 441 3531 cilicium,
462 3473 499 3515 ue
519 3454 603 3515 nohis
625 3454 774 3531 blandiar,
798 3463 845 3514 aut
865 3452 942 3528 quod
