2392 3888
155 179 217 246 ιιι
480 181 524 242 M.
540 180 632 243 van.
648 131 874 276 urrunnun

649 383 700 445 ill.

238 494 368 556 Solvere
384 493 568 566 dodrantem
582 514 682 575 nuper
697 496 770 573 tibi,
793 497 924 576 Quinte,
946 499 1081 562 volebat

278 578 395 660 Lippus
410 578 525 660 Hylas,
547 578 652 640 luscus
667 577 733 639 volt
747 579 821 640 dare
836 581 1008 647 dimidium.

238 664 354 744 Accipe
369 665 610 744 quamprimum
632 665 736 723 brevia
749 671 798 724 est
813 667 934 727 occario
947 665 1043 732 lueri.

280 747 314 808 Si
327 748 425 808 luerit
439 765 565 827 caecos,
587 746 633 806 nil
647 747 705 807 tibi
721 746 821 808 solvet
834 749 941 828 Hylas.

653 881 692 943 ll.

239 994 324 1054 Emit
337 993 477 1055 lacernas
492 993 616 1054 milibus
632 994 740 1054 decem
755 995 866 1054 liusena

239 1078 350 1156 Tyrias
368 1077 481 1138 coloris
496 1080 615 1159 optimi.
645 1079 824 1138 lucrifecit.

239 1161 349 1240 „Adeo
364 1163 445 1223 bene
460 1163 577 1223 ειιιίῑῗιι
599 1163 711 1240 inquis,
740 1163 832 1229 lmmo
847 1181 910 1223 non
925 1164 1034 1227 solvet.

650 1296 700 1359 xi.

237 1410 422 1470 Pervenisse
441 1417 523 1470 tuom
538 1413 598 1471 iam
612 1418 644 1472 te
660 1413 719 1471 rcit
730 1411 857 1470 Rhenus
872 1411 904 1468 in
919 1411 1044 1484 urbem3

280 1493 356 1553 Nam
371 1493 478 1574 populi
492 1513 584 1555 voees
599 1494 684 1554 audit
698 1502 731 1555 et
744 1493 871 1555 illetni.

238 1579 420 1639 Sarmaticas
435 1579 528 1639 etiem
543 1586 652 1658 genter
666 1579 869 1656 Histrumque
884 1577 1043 1656 Getasque

278 1661 430 1722 Laetitiae
449 1661 563 1723 clamor
577 1665 692 1723 terruit
705 1665 773 1742 ipso
787 1679 893 1722 novae.

217 1744 318 1804 olium
334 1746 472 1824 telunga
488 1766 575 1806 suero
590 1755 778 1807 venerentur
794 1745 901 1824 gaudia
914 1745 1022 1821 Circo,
1183 1819 1184 1824 η

279 1829 376 1888 Nemo
393 1836 502 1909 quator
516 1832 625 1892 miraos
640 1849 767 1891 currere
777 1831 881 1913 ¹sensit
894 1847 1001 1909 equos.
1183 1825 1184 1908 i

237 1911 362 1972 Nullum
376 1915 472 1975 Roma
487 1913 612 1991 ducem,
635 1921 740 1976 necte
756 1915 816 1991 sic,
838 1914 968 1990 Caesar,
985 1913 1104 1973 amavit:

99 1983 110 1998 ⁶
191 2005 199 2022 ·
279 1997 327 2056 Te
342 1999 538 2077 quoqueiam
555 2018 618 2058 non
632 1997 719 2080 plus,
741 2005 776 2058 ut
789 1996 865 2058 velit
877 1999 960 2077 ipsa,
981 2003 1092 2078 potest.

639 2149 703 2210 xn.

237 2261 373 2322 Uxorem
390 2280 485 2341 quare
500 2260 689 2342 locupletem
706 2260 821 2320 ducere
836 2257 946 2335 nolim,

280 2345 457 2422 Quaeritis?
489 2346 587 2406 Uxori
600 2349 719 2406 nubere
735 2343 809 2404 nolo
824 2362 918 2404 meae.
956 2371 960 2380 ·

238 2429 372 2489 inferior
386 2436 525 2490 matrona
540 2449 593 2490 suo
609 2431 666 2507 sit,
687 2430 812 2505 Prisce,
831 2428 955 2488 marito:

279 2512 347 2572 Non
361 2512 453 2573 aliter
466 2513 544 2574 liunt
557 2515 673 2574 femina
685 2515 794 2590 virque
807 2530 908 2591 peres.

635 2646 713 2709 Xlll.

236 2758 340 2821 Morio
358 2759 458 2821 dietus
472 2767 554 2821 erat:
571 2762 680 2840 viginti
695 2758 819 2821 milibus
832 2761 901 2820 emi.

280 2843 388 2904 Redde
404 2846 479 2905 milri
494 2851 650 2923 nummos,
674 2845 865 2924 Gargiliane:
888 2843 974 2924 sapit.

633 2979 714 3041 xiv.

237 3087 357 3150 Pallida
372 3110 411 3151 ne
426 3092 556 3153 Cilicum
571 3095 701 3154 timeant
714 3095 850 3173 pomaria
865 3093 1002 3152 brumam

279 3173 426 3235 Mordeat
443 3183 476 3236 et
488 3183 631 3237 tenerum
645 3178 758 3237 fortior
774 3193 981 3252 annuemus,

237 3257 386 3319 Hibernis
404 3261 525 3319 obiecta
541 3263 623 3320 notis
642 3260 815 3341 specularia
827 3279 922 3340 puros

281 3339 456 3402 Admittunt
470 3342 553 3402 soles
571 3351 604 3402 et
621 3347 687 3405 aine
702 3345 790 3404 faece
805 3343 896 3404 diem.

213 3421 278 3480 5At
292 3424 367 3481 mihi
380 3424 459 3483 ceila
474 3425 580 3502 (latur,
601 3447 664 3486 non
678 3434 743 3487 toto
755 3426 841 3488 elusa
854 3427 1011 3503 fenestra,
