2500 3912
183 223 219 274 VI
562 222 769 273 pannulum.

182 370 237 426 iano
254 374 348 424 tantuna
366 373 450 423 eontra
460 365 623 423 Domitianum
641 381 752 440 pugnans
766 367 847 424 locum
859 369 923 425 exilii
935 368 1026 426 deliniri
1036 388 1108 443 posse
1118 375 1158 430 de-

182 453 300 524 speravit3
313 452 382 506 mitto
393 451 465 506 etiam
474 450 632 519 valcherum,
644 453 685 523 qui
696 453 720 506 irr
730 452 811 508 libello
821 453 936 524 inscripto
947 454 1053 521 Juvenal,
1065 457 1104 512 eiu
1113 457 1158 532 be

182 537 254 591 beus-
270 536 319 590 und
331 533 512 590 Charaktarhild
522 549 565 590 aue
581 536 624 592 der
641 536 776 590 rbmischen
786 536 932 602 Kaiserueit,
949 537 1071 595 Eiberseld
1082 543 1157 600 1851.

182 625 208 688 8,
219 636 244 691 p.
257 624 308 676 loe
318 634 371 690 sqq.
382 618 485 674 eundem
495 619 623 675 traianum
633 634 689 675 eum
701 620 812 692 Aegypto
822 621 927 676 retirrens
936 621 1091 678 nihilominus
1102 638 1158 694 poe-

181 711 232 760 tam
243 702 325 758 nmoio
339 702 433 774 quando
444 703 469 758 in
479 701 563 758 meur
575 717 697 759 reversum
705 704 822 776 reliquam
831 704 905 759 dmm
916 706 940 760 in
953 705 1082 763 Tiburtinis
1091 722 1159 776 prae·

182 789 227 844 diis
244 787 341 858 degisse
355 787 453 849 statuit.
471 801 559 858 nempe
568 787 638 842 venia
653 786 683 842 ab
695 787 838 857 imperatore
848 794 946 859 accepta
962 791 1159 862 reconciliataque

182 871 274 944 gratim
293 869 362 924 erius
372 871 406 924 rei
417 871 588 942 neoeshgium
598 870 695 942 pidem
712 868 774 941 apud
785 879 877 927 eeteros
888 879 999 928 auctores
1009 881 1101 936 exstat;
1117 874 1175 928 sed·

180 970 213 1011 ne
223 953 395 1025 Hertzhergius
415 954 526 1025 quidem,
546 954 586 1026 qui
603 951 815 1010 inSchneidewiui
826 952 954 1028 Philologo
971 957 999 1012 Τ.
1012 956 1046 1022 ll,
1063 973 1089 1028 p.
1107 959 1159 1015 579

182 1039 297 1110 reliquam
309 1043 416 1094 nostram
426 1037 612 1108 disputationem
622 1052 721 1094 assensu
731 1053 776 1093 suo
787 1039 903 1109 probauit,
914 1041 1050 1112 Aegyptum
1058 1041 1159 1096 abiicere

182 1139 255 1178 ausus
267 1127 316 1184 est,
329 1135 375 1178 nee
384 1121 552 1194 Bemhardyus
563 1120 690 1178 Grundriss
707 1121 751 1177 der
759 1130 820 1178 edm.
833 1122 881 1177 lit.
894 1138 918 1192 p.
931 1125 983 1182 504
993 1139 1007 1178 a
1016 1131 1098 1179 vetere
1108 1124 1159 1193 opi-

181 1207 254 1262 nione
262 1205 380 1271 discessit,
392 1205 417 1260 in
431 1221 478 1276 quo
489 1205 549 1261 iilud
558 1207 663 1260 maurae
674 1206 755 1270 miror,
767 1206 832 1276 quod
842 1207 883 1277 qui
899 1215 1005 1262 nostram
1017 1208 1158 1264 sententiam

181 1288 301 1344 historicis
311 1287 472 1343 hmdameutis
483 1303 564 1344 carere
575 1296 662 1361 negat,
680 1289 747 1344 nullo
758 1296 856 1344 anctore
870 1289 1014 1346 Hadrianum
1026 1307 1039 1345 a
1050 1291 1159 1350 luvomla

182 1373 300 1429 offensum
311 1385 364 1426 esse
374 1386 470 1427 narrare
481 1387 529 1428 non
546 1372 648 1428 dubitat.
671 1371 702 1427 iit
715 1371 886 1445 Hertzhergius
899 1374 995 1445 quidem
1006 1373 1159 1430 Caledoniam

182 1457 267 1512 eodem
282 1461 425 1526 argumento
436 1456 577 1528 impugnat,
598 1472 646 1528 quo
663 1457 710 1510 iam
721 1454 855 1512 Dtlntrerus
872 1457 897 1512 in
908 1456 981 1513 lahnii
992 1457 1079 1512 Archiv
1091 1460 1159 1515 1840

182 1541 210 1596 T.
222 1540 260 1607 Vl,
272 1553 298 1608 p.
311 1540 363 1596 ela
374 1555 426 1610 sqq.
440 1540 558 1612 coniugii,
569 1540 610 1594 uhi
622 1554 697 1611 quum
708 1541 806 1595 omnino
818 1540 935 1596 luvenalis
945 1542 1043 1596 exilium
1054 1556 1067 1597 a
1078 1556 1158 1613 gram·

181 1624 276 1680 maticis
286 1637 316 1678 eu
333 1622 394 1678 locis
411 1629 497 1693 poetae
513 1623 577 1678 male
592 1623 720 1679 intellectis
729 1623 813 1679 lictum
824 1639 877 1679 esse
888 1621 1030 1689 contendat,
1047 1623 1158 1680 Scotioae

181 1719 277 1780 quoque
288 1706 386 1761 militiae
396 1705 485 1762 lamam
496 1722 526 1762 eu
535 1706 585 1762 Sat.
598 1707 632 1762 ll.
645 1711 697 1765 1⁵9
705 1707 800 1765 -161
813 1707 931 1780 originem
947 1709 1044 1764 duxisse
1053 1709 1158 1778 suspica·

181 1798 233 1853 tur;
251 1790 308 1844 huic
318 1795 399 1846 tamen
416 1790 480 1863 quod
494 1791 525 1846 de
535 1792 646 1864 Aegypte
662 1790 764 1846 ibenter
780 1791 900 1857 concedo.
917 1807 989 1864 quarn
1006 1794 1047 1864 qui
1062 1799 1158 1862 poetam

181 1875 268 1930 adiisse
278 1875 302 1930 in
313 1874 385 1930 satira
394 1874 439 1930 sub
453 1876 532 1946 ipsum
542 1875 605 1930 vitae
613 1873 686 1930 finem
701 1876 792 1946 scripta
805 1876 917 1948 legisset.
933 1875 1022 1932 ibidem
1035 1891 1091 1932 euna
1101 1887 1159 1932 exu-

180 1960 243 2014 lasse
256 1957 327 2013 facile
338 1958 445 2029 collegit.
457 1959 482 2014 id
492 1960 516 2015 in
527 1958 653 2014 luber-nam
662 1965 687 2013 et
698 1957 802 2014 Orcadas
813 1959 899 2014 cadere
907 1974 1006 2030 prorsus
1016 1975 1089 2032 nego,
1101 1974 1159 2030 quas
1248 1981 1249 2002 r

181 2056 259 2114 neque
269 2039 366 2096 easdem
385 2057 441 2096 cum
452 2041 535 2098 Scotia
555 2043 727 2114 grammaticus
743 2041 832 2098 habere
847 2047 942 2112 poterat
957 2058 1035 2114 neque
1045 2045 1077 2099 ita
1087 2049 1159 2112 poeta

167 2131 306 2196 memorat.
318 2132 345 2180 ut
352 2140 433 2180 eoram
443 2125 487 2181 sibi
499 2132 568 2181 notas
579 2125 713 2199 significem
724 2125 774 2181 sive
784 2126 894 2182 minim
900 2125 1071 2182 Britannorum
1081 2132 1159 2180 meter

181 2211 261 2281 ipsum
270 2208 358 2264 vidhse
373 2208 428 2264 inde
440 2210 555 2282 colligere
573 2210 644 2274 licet,
659 2209 744 2266 eodem
760 2215 826 2266 certe
841 2209 905 2276 iure,
921 2225 969 2282 qaae
988 2209 1159 2282 herlebergius

180 2293 353 2366 Aegyptiacam
364 2300 450 2364 poetae
460 2295 677 2366 peregrinationem
689 2295 719 2350 ad
730 2294 795 2350 exilii
805 2294 857 2349 eius
867 2292 1069 2365 significationem
1079 2294 1159 2349 detor·

181 2379 225 2445 sit,
242 2377 288 2432 iter
299 2377 463 2434 Britannicum
474 2378 498 2434 iu
510 2376 622 2435 Sentisne
633 2377 731 2435 militiae
744 2378 909 2436 testimonium
920 2377 1092 2434 adhibebimus.
1117 2376 1160 2431 lli·

180 2461 296 2516 eboricum
308 2468 388 2516 autem
404 2461 475 2518 huius
491 2462 673 2520 fundamentum
689 2463 729 2534 qui
740 2462 873 2525 desiderat.
891 2463 996 2518 solidum
1012 2477 1041 2516 ae
1051 2467 1160 2532 paratum
1246 2499 1247 2504 η

180 2543 284 2599 inveniet
296 2543 321 2597 in
336 2544 406 2598 titudo
416 2545 503 2615 Aquini
519 2546 543 2599 in
560 2546 612 2615 ipsa
628 2544 745 2600 luvenalin
759 2544 835 2614 patria
851 2551 959 2614 reperto,
977 2545 1002 2598 in
1019 2558 1091 2614 mrem
1111 2545 1160 2598 iam

180 2627 314 2698 Pinzgems
324 2625 349 2682 in
361 2625 461 2696 Ephem.
476 2626 537 2682 liter.
557 2626 652 2683 lenens.
666 2628 735 2686 1823
744 2625 775 2681 N.
790 2628 824 2683 13
837 2626 984 2682 emditorum
996 2627 1088 2682 animos
1099 2641 1159 2682 eoa·
1245 2675 1246 2680 ,

181 2711 259 2775 vertit,
271 2710 358 2766 eodem
367 2716 447 2766 tamen
459 2725 530 2766 namo
544 2725 603 2766 ursus
614 2717 651 2766 est
661 2717 756 2782 praeter
765 2709 886 2767 Banerum
897 2710 921 2764 in
932 2709 1013 2766 libello
1024 2709 1065 2782 qui
1075 2711 1160 2765 inscri-

181 2795 246 2850 bitur
261 2791 380 2850 Kritisehe
390 2793 576 2866 Remerlruugen
593 2793 652 2850 dher
672 2795 753 2866 einige
769 2792 930 2849 Naehrichten
946 2809 990 2849 aus
1006 2793 1062 2850 dom
1078 2793 1161 2849 beben

180 2878 305 2941 Juvenal&
322 2876 484 2950 Regesslblld
501 2880 577 2936 1833·
594 2881 625 2942 8,
643 2893 668 2949 l>-
681 2880 730 2941 28:
749 2877 818 2950 isque
828 2891 902 2950 quum
918 2878 1063 2934 inuniversa
1074 2885 1161 2949 poetae
1244 2879 1245 2912 l

180 2963 229 3017 sita
247 2961 470 3017 describendarum
485 2962 511 3018 in
526 2961 665 3033 hoolapide
682 2962 714 3017 ita
731 2977 745 3016 a
762 2977 819 3018 vero
832 2961 962 3030 aberrauit,
979 2968 1008 3017 ut
1018 2977 1089 3033 quem
1100 2960 1162 3016 Diei

185 3045 327 3117 Vespasiani
341 3045 463 3101 flaminem
478 3045 592 3117 perscribi
607 3047 726 3120 legimus,
747 3060 804 3102 eum
813 3047 858 3102 sub
868 3045 1012 3117 Vespasiano
1028 3045 1066 3101 his
1082 3045 1161 3102 limni-

181 3144 236 3186 nem
248 3129 321 3185 luisse
330 3136 436 3185 narraret
446 3145 523 3203 eoque
536 3131 601 3186 lacto
611 3131 762 3198 iuvenalem,
779 3145 851 3202 quem
868 3134 940 3198 aba
950 3145 975 3200 p.
985 3129 1043 3186 Chr.
1054 3129 1100 3185 sub
1110 3128 1162 3185 Do·
1243 3127 1244 3182 t

181 3213 279 3270 mitiano
291 3215 419 3270 stationem
429 3215 572 3288 inhegypto
583 3214 696 3270 hahuisse
706 3231 738 3270 ex
748 3213 877 3286 pravaSat.
885 3212 935 3270 XV.
942 3213 1046 3269 lectione
1056 3213 1162 3268 somnia-

181 3298 227 3363 vit,
239 3298 294 3370 quia
310 3299 358 3354 iam
368 3299 422 3355 viro
440 3300 512 3356 huius
527 3305 595 3370 patre
611 3300 705 3355 cohorti
719 3298 884 3354 Dalmatarum
898 3297 1052 3368 praefuisset,
1069 3296 1107 3350 vel
1124 3297 1163 3351 bis
1242 3337 1243 3346 ,

108 3403 109 3408 ’
181 3382 265 3437 militia
273 3382 635 3457 innotumslatuerecogeretur.
655 3381 704 3439 Sed
714 3377 1163 3451 haslrallueinationosrerboattiglsse

181 3465 299 3522 sufficiat:
318 3465 392 3538 ipsius
400 3468 476 3535 tituli,
488 3483 561 3542 quem
570 3475 625 3542 post
638 3465 770 3524 Orlandum
780 3466 887 3538 aliosque
897 3463 1075 3524 aoematissime
1084 3477 1163 3534 nuper
1240 3461 1241 3466 ’

1235 3581 1242 3882 4
