2474 3906
121 225 159 288 14
441 227 484 287 M.
502 227 591 289 VAL.
608 229 834 290 MARTIALlS

618 429 667 488 xl.

201 541 278 601 Cum
294 539 365 600 data
378 541 441 600 sint
455 542 552 619 equiti
566 541 614 600 bis
630 542 723 620 quina
735 545 931 623 nomismata,
954 567 1053 626 qnare

242 625 296 684 llis
311 623 436 684 deciens
451 625 552 703 solus,
575 623 760 703 Sextiliane,
779 628 882 687 bibis?

199 709 261 768 lam
279 707 448 768 defecisset
462 716 623 788 portantes
639 709 725 768 ealda
739 711 912 790 ministres,

242 794 274 852 Si
289 812 351 852 ιιοιι
365 797 507 872 potares,
529 791 714 871 Sextiliaue,
737 813 864 856 merum.

604 941 668 1003 Xll.

201 1056 265 1114 ltur
282 1055 319 1115 ad
335 1053 506 1116 Herculeas
522 1051 617 1132 gelidi
635 1073 694 1132 qua
710 1054 837 1115 Tiburis
853 1074 940 1116 arces

245 1139 390 1218 Canaque
406 1137 583 1218 sulphureis
601 1137 714 1197 Albula
726 1139 824 1199 fumat
838 1142 941 1219 aquis,

198 1223 281 1281 ltura
295 1240 465 1300 nemusque
480 1241 599 1280 sacrum
615 1219 791 1302 dilectaque
805 1225 913 1302 iugera
928 1225 1028 1286 Musis

241 1307 349 1384 Signat
360 1307 461 1366 vicina
475 1311 601 1384 quartus
619 1307 654 1364 ab
670 1308 747 1366 urbe
762 1306 849 1386 lapis.

175 1391 257 1452 allia
271 1389 357 1449 rudis
372 1391 502 1449 aestivas
517 1391 694 1468 praestabat
708 1393 846 1469 porticus
861 1393 1000 1470 umbras,

239 1475 308 1534 Heu
324 1494 413 1554 quam
426 1491 526 1554 paene
540 1493 650 1533 novum
664 1475 802 1553 porticus
818 1495 888 1536 ausa
905 1477 1007 1536 nefas!

196 1559 272 1618 Nam
287 1561 388 1618 subito
404 1557 536 1637 collapsa
550 1558 629 1634 ruit,
651 1578 718 1617 cum
736 1557 816 1619 mele
831 1561 886 1618 sub
902 1559 954 1621 illa

240 1644 386 1703 Gestatus
401 1645 513 1720 biiugis
527 1640 663 1720 Regulus
679 1650 763 1702 esset
779 1645 876 1722 equis.

197 1727 345 1786 Nimirum
361 1728 463 1786 timuit
477 1733 598 1785 nostras
612 1727 750 1786 Fortuna
765 1727 937 1806 querellas,

159 1823 190 1872 Ιο
239 1811 323 1887 Quae
342 1830 397 1889 par
410 1816 473 1870 tam
488 1829 614 1888 magnae
630 1829 692 1870 non
706 1819 774 1870 erat
787 1810 930 1872 invidiae.

196 1895 283 1954 Nune
298 1901 331 1954 et
345 1892 454 1952 damna
466 1895 587 1968 iuvant3
610 1901 681 1953 aunt
695 1897 767 1974 ipsa·
777 1895 916 1976 pericula
929 1898 1023 1956 tanti:

239 1979 358 2037 Stantia
372 1997 434 2037 non
449 1984 595 2057 poterant
608 1984 691 2038 tecta
706 1981 840 2058 probare
856 1979 940 2040 deos.

593 2111 671 2170 Xlll.

197 2224 290 2284 Casta
305 2242 359 2283 suo
376 2220 509 2302 gladium
524 2238 592 2282 eum
607 2221 748 2283 traderet
762 2225 854 2284 Arria
868 2225 981 2302 Paeto,

237 2309 335 2384 Quem
351 2307 390 2368 de
405 2307 576 2368 visceribus
590 2308 758 2366 strinxerat
770 2309 838 2388 ipsa
852 2310 930 2389 suis,

196 2392 252 2469 „Si
269 2413 327 2472 qua
340 2392 435 2469 fides,
452 2389 562 2450 vulnus
578 2389 661 2470 quod
674 2392 737 2451 feci
753 2411 815 2452 nan
831 2391 955 2472 dolet,“
975 2395 1096 2473 inquit;

237 2476 323 2554 „Sed
338 2474 419 2554 quod
436 2484 468 2534 tu
483 2475 595 2550 facies,
617 2475 676 2534 hoe
694 2476 784 2554 milri,
807 2477 920 2556 Paete,
939 2476 1059 2538 dolet.“

515 2607 670 2668 .XIV.
790 2610 793 2617 “

123 2724 125 2728 ’
194 2720 346 2799 Delicias,
369 2721 499 2801 Caesar,
521 2721 670 2802 lususque
684 2724 832 2802 iocosque
845 2721 970 2784 leonum

236 2804 393 2883 Vidimus,
415 2806 475 2865 hoe
489 2808 583 2867 etiam
596 2815 735 2886 praestat
749 2808 865 2868 harena
879 2809 951 2884 tibi,

194 2891 271 2950 Cum
284 2908 417 2971 prensus
431 2888 544 2950 blando
559 2892 675 2950 totiens
691 2912 708 2950 a
724 2890 818 2950 dente
834 2889 955 2951 rediret

234 2975 276 3035 Et
291 2992 350 3055 per
365 2981 472 3053 aperta
485 2994 577 3053 vagus
592 2981 736 3035 curreret
751 2995 805 3034 ora
818 2974 918 3055 lepus.

171 3058 285 3120 5Unde
298 3064 403 3138 potest
417 3055 521 3118 aridus
540 3066 647 3138 captae
660 3057 713 3119 lea
730 3078 860 3139 parcere
874 3058 1034 3139 praedae?

106 3187 109 3192 >
235 3141 299 3203 Sed
313 3147 415 3202 tamen
430 3160 499 3201 esse
513 3150 584 3202 tuus
600 3140 727 3202 dieitur:
749 3161 824 3222 erga
838 3149 951 3224 potest.

591 3277 659 3340 XV.

193 3389 219 3448 0
234 3391 309 3450 milri
322 3397 393 3470 post
406 3351 528 3469 nullos,
550 3390 625 3470 lull,
647 3390 846 3451 memorande
861 3390 998 3468 sodales,

235 3474 268 3534 Si
285 3473 358 3552 quid
371 3474 463 3550 longa
477 3473 555 3533 fides
571 3493 707 3554 canaque
720 3477 789 3534 iura
802 3473 921 3550 valent,
