2460 3878
329 241 668 306 neleudMMA'mN
681 246 755 307 LIB.
772 247 822 308 XI.
1034 247 1095 314 tol

183 399 297 460 Pialeia
311 401 492 477 constituit,
507 419 540 458 ae
555 419 675 479 quoque
691 397 740 459 uti
751 400 885 471 feteam.

116 483 287 546 bdbler'em
299 501 358 563 ego
373 492 410 542 et
419 482 573 558 futuam?
591 483 667 563 quid
678 484 707 541 ei
721 503 770 543 me
785 480 910 545 Menios
926 493 1010 563 oret,

183 567 362 641 Peedteem,
377 567 512 636 facium?
526 587 589 626 non
599 575 698 646 puto,
713 569 882 645 stropium.

142 655 233 730 „Aut
245 651 353 728 fatue,
367 657 424 708 eet
435 650 637 731 pugnemes“
651 653 703 709 ait.
736 650 833 728 Quid,
851 653 936 732 quod
947 653 1023 712 mibi
1033 653 1096 714 eila
1120 652 1129 664 ''

186 734 295 794 Carior
311 741 358 792 eat
374 741 441 812 lpse
455 735 616 795 mentula?
644 731 744 816 Signo
759 739 898 794 canent!

141 816 283 878 Absolvis
300 815 423 897 lepidos
437 818 597 894 nimirum,
619 818 774 896 Auguste,
795 816 938 897 libellos,

101 913 135 964 10
183 902 242 977 Qui
258 902 318 960 seis
333 902 467 960 Romana
483 898 681 980 simplicitate
696 898 793 980 loqui.

537 1034 616 1095 XXI.
667 1098 670 1103 ,

141 1144 239 1226 Lydia
253 1149 316 1208 tam
329 1143 398 1204 laxa
413 1153 477 1223 est,
500 1146 614 1225 equitis
629 1165 718 1224 quam
733 1143 820 1206 eolus
835 1148 943 1227 ebeni,

184 1230 280 1306 Quam
295 1228 380 1289 celer
397 1232 574 1308 argutoqui
589 1236 678 1289 sonat
692 1249 765 1290 aere
781 1232 924 1307 trochus3

141 1314 236 1391 Quam
251 1320 321 1373 rota
333 1315 514 1374 transmisso
530 1315 645 1392 totiens
660 1313 775 1374 intacta
790 1321 937 1394 petauro,

183 1399 279 1474 Quam
293 1403 382 1458 vetus
396 1418 415 1458 a
429 1417 531 1458 crassa
546 1397 668 1457 calceus
682 1396 760 1456 udus
775 1418 870 1477 aqua;

120 1482 238 1556 bQuam
255 1500 333 1560 quae
348 1501 418 1541 rara
431 1498 524 1559 vagos
538 1486 703 1561 expectant
717 1482 797 1540 retia
811 1481 937 1561 turdos,

183 1566 283 1641 Quam
293 1566 480 1645 Pompeiano
496 1562 566 1625 vela
577 1571 687 1643 negata
701 1563 799 1638 Noto;

140 1649 236 1725 Quam
252 1669 329 1729 quae
345 1647 385 1708 de
400 1649 555 1730 phthisico
568 1648 654 1728 lapsa
668 1653 716 1708 est
733 1646 852 1709 armilla
868 1649 1014 1728 cinaedo,

182 1731 302 1793 Gul'cita
315 1733 489 1792 Leuconico
507 1752 594 1810 quam
610 1730 732 1791 viduata
747 1751 819 1807 suo;

141 1817 237 1892 Quam
252 1824 376 1877 veteres
389 1817 500 1876 bracae
516 1816 653 1876 Britouis
666 1817 812 1897 pauperia
828 1824 860 1877 et
876 1837 963 1897 quam

98 1911 133 1964 10
181 1900 289 1981 Turpe
303 1901 489 1961 Ravennatis
504 1907 608 1980 guttur
623 1897 803 1960 onocrotali.

139 1985 227 2044 Hauc
243 1985 275 2044 in
289 1985 407 2065 piscina
424 1983 511 2043 dicor
524 1985 655 2044 futuisse
669 1985 795 2044 marina.

181 2069 309 2144 Neseio;
330 2069 477 2148 piscinam
493 2086 542 2128 me
556 2068 686 2127 futuisse
700 2073 784 2146 puto.

531 2211 625 2271 XXII.

138 2319 249 2382 Mollia
266 2321 349 2401 quod
363 2323 444 2382 nivei
460 2321 537 2381 duro
552 2322 630 2381 teris
645 2338 700 2380 ore
715 2319 839 2380 Galaesi

177 2404 290 2484 Rosia,
311 2405 393 2483 quod
408 2404 491 2466 nudo
507 2425 574 2465 cum
590 2404 769 2483 Ganymede
783 2407 884 2479 iaces,

137 2489 276 2564 —Quis
301 2491 415 2568 negati
439 2524 482 2534 -
506 2490 566 2549 hoe
591 2490 717 2548 nimium
744 2496 801 2551 est.
852 2486 915 2548 Sed
940 2489 980 2548 sit
1005 2489 1096 2557 satisa

6 2565 12 2678 l
409 2575 534 2652 inguina
547 2573 658 2634 saltem

9 2662 14 2673 '
181 2656 279 2715 Parce
294 2656 435 2717 fututrici
450 2655 620 2718 sollicitare
637 2677 735 2718 manu.

117 2739 273 2800 5Levibus
287 2741 320 2799 in
333 2742 440 2820 pueris
454 2740 523 2821 plus
537 2743 630 2819 haec,
653 2760 742 2819 quam
756 2739 909 2818 mentula,
931 2745 1057 2820 peceat,
1119 2777 1123 2784 -

180 2824 221 2883 Et
236 2824 354 2884 iaciunt
368 2823 457 2902 digiti
474 2827 742 2904 praecipitantque
756 2826 863 2884 virum.

137 2904 213 2966 lude
226 2913 332 2987 tragus
348 2907 531 2985 celeresque
544 2905 602 2989 pili
616 2906 814 2986 mirandaque
831 2909 922 2968 matri

180 2990 296 3069 Barba,
317 3009 376 3051 nee
390 2993 422 3051 in
436 2990 519 3051 clara
534 2991 644 3052 balnea
656 2988 728 3051 luce
745 2990 880 3071 placent.

6 3071 8 3080 ’
138 3073 249 3136 Divisit
260 3081 372 3144 natura
383 3093 514 3135 marem:
535 3095 607 3155 pars
626 3094 683 3136 una
698 3073 829 3156 puellis,

94 3167 130 3220 10
177 3158 245 3218 Una
260 3159 335 3220 airis
350 3160 455 3239 genita
469 3165 526 3221 est.
554 3160 653 3221 Utere
668 3166 757 3244 parte
772 3167 832 3222 tua.

523 3295 629 3356 XXlll.

135 3401 263 3465 Nubere
279 3403 342 3465 Sile
356 3405 433 3466 milri
446 3403 530 3466 nulla
544 3427 606 3466 non
622 3404 695 3483 lege
709 3411 815 3484 perata
830 3411 895 3479 ως

179 3485 243 3547 Sed
259 3485 451 3548 Silam‘nulla
467 3487 581 3550 docere
594 3488 667 3568 lege
682 3487 762 3549 volo.
