2426 3900
117 235 163 307 50
288 326 291 332 Ι
447 234 492 296 Μ.
510 232 601 295 an.
618 233 843 294 Manilius

206 385 255 447 Te
268 383 512 446 Lacedaemonio
527 383 609 445 velat
623 387 693 462 toga'
707 381 773 444 lota
788 383 921 446 Galaeso

247 466 308 532 Vel
325 485 415 548 quam
431 469 567 548 seposito
584 467 622 526 de
637 485 732 547 grege
746 467 857 528 Parma
871 467 980 548 dedit,

182 554 249 616 ant
262 570 311 612 me
327 570 405 632 quae
418 571 507 630 passa
521 557 570 612 est
583 550 679 610 iurias
695 557 728 612 et
742 570 856 612 cornua
869 553 969 630 tauri,

245 633 391 696 Noluerit
405 633 467 695 dici
483 654 571 714 quam
585 633 650 714 pila
663 636 762 714 prima
776 653 868 694 suam.

162 755 168 767 -
205 718 296 780 Misit
308 719 488 798 Agenoreas
503 717 610 778 Gadmi
626 718 684 777 tibi
698 722 783 778 terra
797 717 956 778 lacernas:

247 801 317 863 Non
330 800 446 862 vendes
461 801 591 860 nummis
607 802 732 860 coccina
745 808 851 860 nostra
865 802 977 866 tribus.

206 885 256 946 'l'u
269 884 403 964 Libycos
417 882 500 943 ludis
515 881 678 962 suspendis
693 882 837 943 dentibus
852 886 962 943 orbes:

161 979 198 1029 lo
245 966 388 1028 Fulcitur
403 971 488 1028 testa
497 967 600 1045 fagina
613 984 719 1026 mensa
733 967 819 1025 mihi.

205 1049 363 1112 immodici
377 1051 435 1110 tibi
449 1051 527 1110 iiava
541 1055 650 1128 tegunt
665 1048 873 1128 chrysendeta
886 1047 992 1109 mulli:

248 1131 405 1194 concolor
419 1133 452 1191 in
466 1139 590 1210 nostra,
612 1151 779 1211 cammaro,
800 1131 890 1192 lance
905 1133 1012 1196 rubes.

206 1217 291 1276 Grex
305 1221 376 1276 tuus
391 1213 483 1274 iliaco
498 1221 623 1296 poterat
638 1223 759 1275 certare
777 1214 921 1294 cinaedo,

247 1300 291 1360 At
304 1299 381 1357 milri
395 1298 548 1358 succurrit
561 1318 619 1378 pro
636 1296 815 1378 Ganymede
830 1317 945 1359 manus.

162 1383 250 1444 15Ειι
265 1382 374 1462 opibus
389 1381 482 1440 tantia
498 1383 596 1442 veteri
611 1380 736 1460 fidoque
751 1380 849 1442 sodali

246 1465 307 1526 llas
322 1462 400 1524 nihil
415 1471 448 1524 et
462 1463 555 1543 dicis,
578 1464 734 1542 Candide,
755 1455 851 1525 uotoni
866 1462 1000 1542 pilon?

592 1596 699 1659 XLIV.

202 1708 273 1769 limi
288 1726 344 1767 seu
357 1727 487 1788 puerum
503 1713 641 1786 togamve
656 1725 764 1787 pexam

204 1789 268 1850 Seu
282 1791 358 1868 tris,
378 1797 412 1850 ut
425 1796 515 1871 puta,
537 1795 719 1869 quattuorve
732 1788 846 1869 libras,

205 1873 316 1935 Sextus
331 1875 473 1953 protinus
488 1870 544 1933 ilie
559 1874 735 1951 fenerator,

207 1957 305 2032 Quem
319 1957 417 2016 nostis
432 1964 571 2018 veterem
586 1975 687 2017 meum
703 1954 855 2034 sodalem,

183 2039 252 2101 5Ne
269 2037 343 2118 quid
358 2039 441 2100 lorte
455 2047 559 2121 petam
573 2041 664 2099 timet
678 2046 842 2119 cavetque,

204 2123 246 2182 Et
260 2140 378 2201 secum,
401 2122 457 2184 sed
472 2131 507 2183 ut
522 2120 659 2200 audiam,
678 2128 834 2183 susurrat:

205 2204 355 2286 „Septem
369 2206 453 2266 milia
468 2206 568 2267 debeo
584 2205 744 2283 Secundo,

203 2289 331 2350 Phoebo
348 2295 510 2370 quattuor,
530 2287 673 2348 undecim
687 2287 828 2366 Phileto,

204 2373 246 2432 ut
262 2372 414 2451 quadrans
429 2374 504 2435 mihi
518 2371 621 2432 nullus
637 2373 732 2430 estin
747 2369 850 2434 arca.“

162 2454 230 2516 100
246 2453 363 2533 grande
376 2457 532 2534 ingenium
547 2457 608 2514 mei
624 2449 753 2514 sodalis!

67 2543 87 2577 '·
204 2537 322 2596 Durum
336 2543 401 2614 eat,
423 2538 534 2615 Sexte,
556 2555 686 2616 negare,
709 2558 776 2598 cum
792 2536 926 2616 rogaris,

119 2625 127 2640 ’
205 2619 324 2694 Quanto
341 2618 463 2697 durius,
485 2627 647 2697 antequam
661 2619 795 2699 rogeris!

587 2751 683 2824 XLV.

127 2871 130 2878 ⁴
204 2863 289 2940 Quae
304 2863 362 2923 tibi
376 2881 438 2920 non
454 2862 554 2921 stabat
567 2863 706 2942 praecisa
722 2868 770 2922 est
785 2860 938 2940 mentula,
962 2858 1094 2943 Glypte.

245 2946 396 3024 Demens,
416 2965 484 3006 curn
498 2945 585 3005 ferro
602 2944 677 3024 quid
690 2946 771 3005 tibi?
798 2943 906 3006 Gallus
922 2963 1001 3008 eras.

573 3059 694 3140 'xcvi

200 3187 329 3250 Florida
344 3206 401 3268 per
414 3188 514 3249 varios
528 3196 563 3250 ut
576 3189 713 3269 pingitur
727 3186 832 3268 Hybla
847 3187 987 3268 colores,

246 3273 321 3331 Gum
336 3271 431 3331 breve
446 3272 586 3331 Sicaniae
600 3289 655 3330 ver
668 3269 857 3352 populantur
871 3291 963 3352 apes,

202 3353 254 3414 Sic
268 3360 321 3414 tua
335 3356 502 3434 suppositis
518 3352 674 3414 collucent
687 3352 796 3434 praela
809 3352 963 3432 lacernis,

245 3437 296 3497 Sic
311 3437 404 3496 micat
415 3437 584 3496 innumeris
600 3433 705 3496 arcula
719 3435 933 3516 synthesibus,
