2392 3888
296 179 636 245 EPIGRAMMATON
648 180 722 242 nin.
738 181 790 244 IX.

508 381 588 441 XXI.

114 493 327 554 Artemidorus
340 496 436 554 habet
449 514 595 574 puerum,
617 497 673 557 sed
688 498 829 560 vendidit
843 518 964 577 agrum:

154 581 267 655 Agrum
283 597 340 657 pro
355 597 452 657 puero
468 578 664 641 Calliodorus
677 583 779 644 habet.

111 663 183 739 Dic,
206 666 277 720 uter
295 663 414 720 existis
428 661 538 723 melius
550 683 617 749 rem
631 667 779 742 gesserit,
799 667 921 726 Auate?

154 743 370 805 Artemidorus
385 753 481 824 amat,
505 746 700 810 Calliodorus
715 756 788 809 arat.

500 880 593 942 XXII.

113 947 224 1052 credis
240 992 278 1050 ab
292 991 369 1050 haec
387 1008 451 1064 me,
473 989 600 1068 Pastor,
624 1010 699 1071 opes
714 992 846 1053 fortasse
863 1013 990 1074 rogare,

152 1075 288 1153 Propter
303 1090 381 1150 quae
395 1071 503 1150 vulgus
516 1093 680 1154 crassaque
694 1078 785 1136 turba
801 1085 903 1155 rogat,

90 1159 153 1236 ‘Ut
166 1158 273 1217 Setina
287 1175 372 1216 meua
387 1162 545 1216 consumat
557 1156 647 1236 gleba
659 1157 782 1237 ligones

152 1242 194 1301 Iit
208 1247 298 1300 tonet
312 1241 472 1300 innumera
487 1241 636 1320 compede
652 1243 772 1303 Tuscus
790 1262 879 1322 ager3

88 1327 153 1388 5Ut
166 1325 268 1385 Mauri
283 1324 408 1402 Libyeis
423 1329 545 1383 centum
561 1331 645 1385 stent
660 1325 804 1387 dentibus
819 1330 910 1388 arbes

150 1410 192 1468 Et
207 1412 316 1487 crepet
328 1408 489 1467 in-nmtris
505 1426 597 1467 aurea
609 1407 710 1469 lamna
724 1411 818 1488 toris,

109 1493 173 1552 Nec
187 1490 284 1551 labris
300 1492 362 1551 nisi
375 1510 482 1570 magna
495 1493 572 1552 meis
587 1492 735 1570 crystalla
747 1499 888 1553 terantur

150 1577 192 1638 Iit
205 1576 321 1635 faciant
334 1576 438 1652 nigrae
452 1583 558 1634 nostra
573 1575 707 1636 Falerna
720 1579 823 1650 nivem
876 1581 881 1590 ⁴

112 1660 155 1720 Ut
169 1660 364 1719 canusinatus
379 1665 486 1718 nostra
503 1659 598 1737 Syrus
613 1678 718 1720 assere
732 1659 824 1720 audet

72 1755 103 1806 ιο
151 1744 192 1803 Et
209 1761 276 1802 mea
291 1743 331 1801 ait
347 1740 429 1801 culto
441 1739 522 1806 aelia
536 1742 650 1803 cliente
665 1745 831 1823 frequens3

109 1829 241 1888 Aestuet
256 1833 290 1886 nt
304 1830 411 1884 nostro
426 1825 566 1886 madidus
581 1830 706 1887 conviva
719 1830 876 1903 ministra,

152 1911 248 1986 Quem
264 1914 471 1988 permutatum
485 1929 543 1970 nec
558 1910 738 1990 Ganymede
753 1910 847 1985 reIIs3

108 1993 151 2056 Ut
165 1993 317 2056 lutulenta
327 1991 408 2052 linat
421 1991 533 2072 Tyrias
547 1996 622 2054 mihi
636 1994 718 2055 mula
732 1996 872 2056 lacernas

150 2079 191 2139 iit
209 2075 346 2156 Massyla
362 2093 462 2136 meum
478 2078 564 2155 virga
578 2080 731 2156 gubernet
745 2097 865 2158 equum.

68 2159 258 2223 rauranum
275 2161 409 2220 existis:
432 2179 560 2239 superos
576 2182 611 2220 ac
627 2162 730 2222 sidera
745 2168 853 2222 testor.

151 2247 235 2324 Ergo
252 2241 348 2322 quid?
378 2242 421 2303 Ut
436 2242 563 2320 danem,
581 2244 708 2322 Pastor,
732 2253 765 2304 et
779 2244 939 2305 aediticem

446 2404 449 2412 ¹
491 2376 597 2437 XXIII.

109 2492 136 2552 0
151 2495 201 2552 aui
214 2495 353 2573 virginea
370 2495 540 2553 flavescere
555 2492 684 2569 contigit
703 2511 795 2568 aura,

149 2576 208 2635 Die
222 2578 275 2638 ubi
288 2574 458 2637 Palladium
473 2576 515 2635 ait
529 2575 601 2652 tibi,
624 2575 719 2654 Care,
742 2574 860 2636 decue?
914 2621 916 2628 .

106 2660 252 2740 „Aapicin
266 2679 306 2720 en
324 2659 439 2720 domini
452 2657 608 2744 fulgentes
624 2677 776 2720 marmore
791 2658 916 2719 voltus?

152 2744 248 2805 Venit
264 2742 303 2803 ad
316 2745 371 2803 har
385 2742 469 2803 uitro
484 2748 591 2802 nostra
605 2761 718 2802 corona
731 2744 865 2802 aomar.“

83 2824 250 2888 5Albanae
262 2825 362 2887 livere
378 2833 483 2907 potest
496 2827 546 2905 pia
562 2844 694 2903 quercus
710 2823 824 2902 olivae,

152 2910 293 2971 CInxerit
307 2913 454 2971 Invictum
473 2907 556 2988 quod
570 2910 657 2988 prior
671 2907 726 2968 illa
742 2917 841 2988 caput.

492 3041 601 3103 XXIV.

105 3157 184 3234 Quia
198 3154 356 3217 Palatinos
370 3159 506 3218 imitatur
521 3158 654 3236 Imagine
669 3154 769 3217 voltus

147 3240 329 3302 Phidiacum
341 3242 430 3300 Latin
445 3259 598 3301 marmore
612 3241 686 3312 vicit
700 3240 800 3300 ebur?

105 3324 195 3384 Haec
210 3323 316 3384 mundi
331 3324 446 3401 facies,
468 3324 546 3384 haec
561 3324 724 3384 nuntiaris
739 3343 793 3382 ora
807 3322 928 3382 sereni:

152 3409 205 3468 Sic
218 3413 305 3468 tonat
319 3406 375 3468 ille
390 3407 483 3484 deus,
506 3427 573 3468 eum
589 3409 656 3466 sine
671 3406 752 3465 nube
767 3412 862 3466 tonat.

1006 182 1068 248 203
