2528 3876
105 209 167 276 sle
251 257 253 262 .
430 210 474 272 m.
491 210 582 273 vnn.
598 185 823 273 molismus

492 413 570 474 XLI.
592 412 762 476 Porcellus.

191 527 286 588 Lrete
302 545 388 589 mero
403 533 523 608 pastum
537 527 644 607 pigrae
661 528 736 587 mihi
751 529 857 588 metris
874 525 1035 594 alumnum

230 612 347 692 Ponat,
370 618 403 672 et
417 609 529 672 Aetolo
546 610 585 670 de
600 628 654 670 sue
670 609 755 672 dines
769 610 850 673 edet.

398 736 489 797 XLII.
512 736 653 817 Apyrina
667 746 698 797 et
715 737 847 798 toleres.

176 835 258 897 *Non
272 836 330 896 tibi
345 833 385 894 do
399 833 524 912 Libyeis
539 835 668 894 tuberes
682 841 716 895 et
729 835 856 915 apyrina
870 836 981 914 rumIs,

232 921 278 980 De
292 919 492 979 Nomentanis
506 916 562 977 sed
578 916 683 978 dumus
697 919 866 978 erboribns.

514 1045 617 1108 XLIII.
641 1046 735 1109 Idem.

190 1146 286 1206 Leots
301 1144 487 1206 suburbanis
499 1143 663 1202 mittuntur
677 1144 804 1224 rpyriuu
818 1143 912 1204 rumis

231 1228 274 1289 Et
286 1245 400 1289 vernae
414 1227 551 1286 tuberes.
582 1226 663 1303 Quid
677 1229 735 1287 tibi
750 1246 817 1286 eum
832 1225 982 1308 Libyeis?

497 1352 604 1416 XLIV.
626 1351 755 1417 hiemen.
815 1349 821 1362 '

190 1453 269 1516 iisse
282 1459 373 1534 putes
383 1450 523 1514 nondum
537 1471 660 1528 sumen3
681 1455 726 1514 sio
740 1454 837 1514 ubere
852 1453 939 1532 largo

232 1539 274 1601 Et
287 1539 356 1600 fluit
371 1544 405 1598 et
420 1538 487 1598 vito
500 1535 582 1597 lrote
595 1535 714 1616 pupillo
726 1543 833 1600 tumet.

431 1660 524 1724 XLV.
547 1661 634 1724 Polli
643 1663 821 1744 gallinacei.

191 1762 224 1822 Si
238 1761 372 1838 Libycae
387 1759 477 1819 nobIs
490 1757 633 1819 volucres
649 1765 682 1819 et
698 1757 847 1820 Phasides
864 1765 987 1838 esseut,

235 1845 421 1923 dempera,
438 1846 473 1901 tu
487 1861 567 1902 nune
584 1845 690 1923 uocipe
706 1843 823 1903 chortis
838 1860 918 1905 ures.

495 1969 600 2032 XLVI.
623 1969 757 2030 Persica.

191 2070 274 2134 Vilis
288 2070 434 2130 mrtemis
451 2069 606 2129 ineramus
620 2087 794 2148 praecoqua
810 2069 917 2130 rumis:

232 2153 320 2216 Nune
333 2155 367 2213 In
381 2151 531 2232 adoptIvis
546 2153 672 2212 Persico
686 2172 756 2213 eurr
771 2173 881 2214 sumus.

416 2281 536 2345 XLVII.
558 2282 660 2344 Panos
677 2282 837 2344 I's'ernts'm‘.
910 2281 913 2286 '

192 2381 355 2442 Picentino
374 2382 472 2444 Ceres
486 2382 577 2441 niveo
591 2381 636 2442 siu
650 2386 777 2449 uectore
793 2382 923 2458 erescit,

233 2467 277 2528 Ut
290 2464 369 2525 levis
384 2471 510 2546 ooeeptn
527 2465 656 2544 spongia
670 2469 775 2541 turget
789 2484 874 2543 uque.

490 2594 624 2656 XLVIII.
649 2593 764 2654 Boleti.

191 2710 362 2786 Argentum
379 2715 472 2788 utque
489 2727 594 2769 rurum
614 2703 708 2784 fuosse
724 2711 773 2766 est
785 2703 967 2785 laeuumque
982 2711 1149 2784 tugunque

231 2790 377 2870 Mittere,
398 2790 519 2854 boletos
534 2792 659 2853 mittere
676 2787 842 2852 difficilest.

485 2917 591 2982 XLIX.
615 2915 776 2978 Bloedulu.

192 3033 269 3092 Gom
285 3048 333 3092 me
347 3030 424 3094 fleus
438 3031 516 3110 ulut,
538 3051 607 3093 oum
620 3049 729 3112 precer
743 3026 886 3090 dulcibus
901 3029 983 3105 uvis,

232 3115 296 3176 Gur
312 3117 415 3195 potins
430 3134 543 3177 nomen
559 3134 622 3176 non
636 3113 723 3174 dedit
738 3133 795 3174 urs
810 3112 908 3174 mihis

468 3242 503 3304 L.
532 3241 648 3304 Terrae
662 3239 782 3302 tulero.

189 3353 369 3431 Rumpimus
383 3351 524 3413 ultricem
537 3357 648 3414 tenero
665 3369 742 3430 qnue
756 3351 874 3411 vertice
888 3355 1004 3411 terrem
1039 3351 1043 3358 '

234 3433 375 3510 Tubero,
396 3432 511 3494 boletis
525 3454 615 3514 pomo
629 3431 765 3495 seeundo
779 3454 892 3495 sumus.
