2500 3912
490 224 615 271 SATIRA
640 225 686 271 IV.

82 365 207 425 Privatis
236 363 345 424 maiora
370 363 461 432 locis;
485 364 608 441 genialis
636 375 737 441 agatur

81 449 141 508 Iste
164 447 245 519 dies;
267 463 394 525 propera
419 447 598 507 stomachum
621 446 721 508 laxare
742 450 872 527 saginae,

80 531 120 592 Et
145 540 194 592 tua
216 540 363 591 servatum
389 547 527 590 consume
547 533 575 590 in
598 532 698 592 secula
721 533 886 606 rhombum;

81 616 151 693 lpse
177 616 242 692 capi
265 614 417 674 voluit-
431 612 507 688 Quid
519 613 668 692 apertius?
688 625 717 677 et
731 626 826 677 tamen
848 618 891 678 illi

82 697 250 775 Surgebant
272 700 395 767 cristae;
419 698 489 758 nihil
511 709 555 758 est
578 699 655 776 quod
679 701 802 762 eredere
826 701 862 762 de
887 721 918 762 se

81 783 148 842 Non
168 784 281 860 possit,
307 801 393 866 qum
416 781 557 856 laudatur,
580 784 624 845 dis
638 802 731 862 aequa
753 794 895 864 potestas.

82 868 141 927 Sed
170 866 272 927 deerat
294 867 367 946 pisci
390 867 505 944 patinae
528 885 670 932 mensura.
715 868 866 929 Vocantur

81 951 164 1028 Ergo
187 953 216 1010 in
239 950 390 1011 consilium
413 966 571 1028 proceres,
596 968 671 1029 quos
693 953 796 1012 oderat
819 953 885 1022 ille;

82 1036 113 1096 ln
139 1052 263 1113 quorum
286 1035 360 1095 facie
382 1036 506 1094 miserae
527 1052 709 1114 magnaeque
731 1035 853 1097 sedebat

84 1119 183 1179 Pallor
207 1119 358 1178 amicitiae.
404 1118 532 1195 Primus,
557 1119 701 1179 clamante
723 1119 864 1180 Liburno:

84 1202 218 1277 Currite,
243 1204 297 1262 iam
320 1203 408 1262 sedit!
433 1212 516 1281 rapta
540 1203 718 1281 properabat
740 1203 838 1265 abolla

84 1287 236 1364 Pegasus,
260 1289 398 1346 attonitae
421 1288 535 1364 positus
557 1287 644 1347 modo
679 1288 783 1348 vilicus
808 1289 871 1349 urbi
888 1323 930 1335 -

84 1371 168 1431 Anne
192 1370 271 1430 aliud
295 1379 361 1431 tunc
384 1367 546 1448 praelecti?
574 1388 695 1449 quorum
718 1375 841 1451 optimus
866 1384 952 1451 atque

84 1455 236 1533 interpres
259 1454 357 1532 legum
380 1455 579 1514 sanctissimus
604 1458 698 1516 omnia
722 1475 892 1536 quamquam

84 1537 280 1618 Temporibus
303 1539 372 1598 diris
394 1538 545 1598 tractanda
569 1540 688 1617 putabat
709 1542 811 1600 inermi
866 1570 870 1575 ·

83 1623 207 1683 lustitia.
252 1621 339 1682 Venit
363 1631 392 1680 et
417 1619 512 1701 Crispi
537 1623 658 1684 iucunda
682 1634 828 1700 senectus,

85 1705 176 1766 Cuius
202 1716 285 1766 erant
306 1723 421 1781 mores,
446 1705 540 1785 qualis
562 1707 712 1783 facundia,
736 1711 804 1768 mite

84 1789 249 1868 lngenium;
272 1792 359 1850 maria
385 1807 419 1850 ac
444 1801 538 1850 terras
564 1792 750 1870 populosque
774 1795 887 1869 regenti

86 1875 157 1947 Quis
186 1891 285 1933 comes
309 1873 421 1948 utilior,
444 1876 468 1932 si
492 1874 574 1935 clade
598 1884 627 1934 et
651 1884 736 1954 peste
764 1877 816 1936 sub
837 1876 886 1936 illa

86 1959 244 2018 Saevitiam
266 1958 402 2017 damnare
430 1967 459 2016 et
481 1957 633 2018 honestum
657 1959 762 2019 afferre
786 1960 888 2022 liceret

87 2039 267 2100 Consilium?
293 2041 345 2101 sed
369 2042 436 2120 quid
458 2042 614 2102 violentius
639 2060 708 2102 aure
731 2046 854 2119 tyranni,

87 2124 158 2185 Cum
180 2143 239 2205 quo
263 2125 299 2185 de
320 2125 427 2203 pluviis
450 2136 498 2185 aut
520 2125 648 2186 aestibus
671 2135 719 2186 aut
742 2128 872 2188 nimboso

86 2209 164 2270 Vere
189 2208 314 2269 locuturi
335 2209 424 2269 latum
446 2209 592 2288 pendebat
613 2207 718 2270 amici?

85 2292 141 2353 llle
161 2295 250 2372 igitur
273 2311 425 2372 numquam
451 2293 557 2353 direxit
578 2293 697 2354 brachia
720 2303 821 2353 contra

88 2377 275 2453 Torrentem,
301 2395 356 2436 nec
379 2377 449 2436 ciris
474 2387 553 2453 erat,
578 2379 626 2456 qui
652 2377 746 2436 libera
768 2385 871 2454 posset

87 2460 184 2521 Verba
209 2462 293 2521 animi
317 2460 452 2539 prolerre
475 2469 504 2520 et
526 2462 613 2521 vitam
637 2461 805 2539 impendere
828 2478 909 2522 vero.

89 2547 136 2605 Sic
158 2546 263 2605 multas
286 2546 397 2606 hiemes
421 2554 508 2622 atque
532 2547 714 2623 octogesima
736 2546 807 2605 vidit

89 2629 236 2704 solstitia,
259 2629 304 2689 his
328 2630 414 2688 armis
436 2628 486 2688 illa
509 2647 625 2708 quoque
652 2639 728 2689 tutus
752 2630 780 2688 in
802 2630 876 2689 aula.

89 2713 238 2773 Proximus
260 2713 390 2773 eiusdem
413 2713 591 2792 properabat
613 2713 725 2774 Acilius
750 2715 815 2772 aevi

91 2794 159 2856 Cum
179 2797 285 2856 iurene
307 2797 443 2874 indigno,
467 2815 552 2875 quem
573 2815 651 2856 mors
674 2806 731 2857 tam
754 2816 842 2858 saeva
864 2806 993 2859 maneret
1048 2805 1082 2858 95

91 2880 125 2940 Et
148 2880 254 2940 domini
277 2879 382 2958 gladiis
405 2890 461 2941 tam
485 2880 635 2948 festinata;
659 2880 711 2941 sed
737 2880 805 2941 olim

92 2964 225 3042 Prodigia
246 2983 299 3044 par
323 2965 418 3024 estin
441 2963 592 3024 nobilitate
616 2974 768 3025 senectus:

91 3047 169 3109 Unde
190 3049 238 3126 lit,
264 3057 293 3107 ut
317 3047 412 3108 malim
434 3048 608 3108 fraterculus
633 3067 700 3108 esse
724 3046 868 3126 Gigantis!
928 3075 932 3083 ¹

92 3131 198 3192 Proluit
221 3149 294 3212 ergo
318 3132 389 3194 nihil
410 3134 534 3208 misero,
559 3132 636 3211 quod
662 3133 791 3192 cominus
813 3149 898 3192 ursos

93 3213 209 3294 Pigebat
232 3215 371 3277 Numidas
393 3217 507 3277 Albana
530 3217 622 3276 nudus
645 3234 732 3276 arena

31 3329 33 3376 p
94 3300 233 3370 l'enator;
259 3302 324 3380 quis
348 3302 501 3360 animiam
525 3317 581 3360 non
601 3300 755 3378 intellegat
769 3310 848 3360 art‘es

31 3381 34 3420 l
95 3381 249 3444 Patricius?
274 3386 339 3462 quis
362 3387 490 3463 priscum
512 3384 582 3444 illud
605 3385 723 3444 miratur
745 3401 876 3461 acumen,

96 3465 195 3544 llrute,
221 3465 321 3528 tuum?
346 3469 433 3530 lacile
456 3478 500 3528 est
522 3467 642 3528 barbato
666 3468 817 3544 imponere
838 3469 911 3544 regi.

42 3642 56 3747 't

43 3752 56 3843 l
