2392 3888
162 208 221 272 182
485 206 531 267 Μ.
548 203 639 266 VAL.
655 203 881 263 llAli'l'lALlS

243 360 310 420 Non
327 359 531 418 Athamanteo
545 358 649 436 potius
663 374 713 414 me
726 356 823 415 mirer
837 357 871 414 in
885 375 981 434 euro,

202 455 237 507 20
285 442 426 503 Aeolium
443 440 540 503 dones
555 442 581 498 si
596 441 687 516 mihi,
707 439 839 518 Phrixe,
861 458 969 518 pecus.

245 527 271 587 0
288 534 418 606 quantos
434 527 514 584 risus
529 525 648 603 puriter
664 529 804 602 speetntu
818 525 957 584 movebit

286 612 363 671 Cum
375 606 514 668 Palatina
528 613 633 667 nostru
647 606 772 667 lacerno
786 608 873 685 toga!

628 741 737 802 XXIX.

245 856 382 919 Disticha
399 855 451 934 qui
466 854 591 930 oeribit,
611 859 704 932 puto,
724 850 792 911 volt
805 853 960 912 breuitete
975 852 1108 933 plaeere.

289 938 371 1019 Quid
384 938 514 1021 prodest
529 938 684 1012 brevitas,
705 935 757 994 die
772 936 865 1013 mihi,
886 937 912 996 ιΙ
925 933 1013 996 liber
1027 939 1098 998 esti

633 1071 727 1131 XXX.

245 1189 305 1266 Qui
318 1207 400 1248 nune
415 1188 586 1249 caesareae
599 1186 685 1246 lusus
700 1193 859 1265 spectetur
873 1187 1027 1263 herenee,

289 1271 496 1352 Temporibuo
514 1271 602 1330 Bruti
617 1269 719 1348 glorio
730 1289 845 1329 nummu
859 1269 929 1330 fuit.

211 1418 216 1428 ,
246 1357 385 1436 AnpieIs,
408 1360 443 1414 ut
457 1361 563 1414 teuent
579 1356 713 1414 itnmmus
727 1371 890 1434 poenaque
905 1352 1027 1412 fruetur

287 1441 393 1502 Fortio
409 1446 441 1500 et
455 1440 586 1500 ottonito
601 1444 713 1516 regnet
728 1439 762 1496 in
776 1439 849 1516 igne
865 1437 985 1496 monus!

225 1527 317 1606 tlpse
334 1527 381 1585 oui
397 1530 554 1605 opeetotor
568 1521 657 1582 edent
671 1528 704 1580 et
718 1521 824 1581 nobile
839 1521 968 1580 dextrae

287 1609 393 1670 Funus
409 1614 505 1668 umet:
526 1608 602 1667 totis
617 1607 755 1686 pascitur
770 1604 826 1664 illu
841 1606 945 1665 oneris.

248 1693 412 1770 Quodnisi
429 1698 518 1772 rapto
532 1692 616 1750 foret
631 1688 751 1751 nolenti
765 1708 882 1770 poene,
903 1689 1032 1768 parebat

290 1776 416 1837 Saevior
429 1777 462 1835 in
475 1774 575 1835 lassos
589 1777 637 1834 ire
651 1775 778 1833 sinistra
791 1773 888 1834 focos.

249 1861 337 1921 Scire
351 1861 437 1940 piget
451 1867 523 1939 post
538 1858 600 1918 tole
616 1858 725 1936 deone,
747 1856 823 1935 quid
836 1857 950 1916 feeerit
964 1862 1052 1914 ente:

207 1955 241 2007 10
289 1945 385 2022 Quom
397 1942 477 2022 vidi,
499 1945 572 2003 eutis
588 1943 729 2003 osthane
743 1942 818 2001 mihi
832 1957 924 2000 nosse
940 1957 1068 1998 monum.

634 2093 742 2152 XXXl.

249 2207 361 2268 Neoeio
378 2205 451 2286 quid
466 2206 506 2266 ue
522 2213 554 2265 te
567 2224 631 2266 non
645 2207 746 2286 belle,
769 2207 886 2282 Dente,
907 2204 1033 2277 fateris,

292 2292 431 2371 Coniuge
447 2292 498 2370 qui
514 2289 606 2350 dueta
620 2292 687 2351 iuro
701 2298 831 2372 paterno
845 2291 935 2370 petis.

250 2374 313 2438 Sed
329 2377 388 2436 ium
403 2374 593 2455 oupplieibus
610 2373 765 2435 dominum
779 2373 895 2435 laesere
909 2369 1041 2432 libellis.

291 2461 406 2520 Desine
421 2460 501 2519 etin
516 2460 646 2538 putrium
661 2479 749 2519 uerus
764 2461 800 2519 ub
817 2459 894 2517 uibe
908 2455 985 2516 redi.

228 2544 324 2605 5Num
341 2541 412 2602 dum
426 2550 459 2602 tu
474 2543 566 2621 longe
582 2541 708 2603 deserta
720 2561 816 2603 uxore
831 2540 945 2620 diuque

295 2628 376 2686 'l'reo
393 2627 515 2705 quoeris
528 2633 635 2705 neten,
659 2634 802 2705 quattuor
816 2626 964 2687 invenies.

629 2761 752 2824 XXXll.

151 2927 157 2938 .
250 2877 332 2936 Airo
346 2893 405 2957 per
419 2877 545 2936 tacitum
560 2873 687 2954 delapsa
702 2874 840 2935 eoelentis
855 2874 887 2932 in
900 2873 985 2951 ipsos

292 2958 398 3020 Fluxit
413 2957 574 3020 Aretullae
590 2957 704 3020 blondo
719 2959 858 3019 columbo
874 2957 966 3016 ninus.

249 3043 381 3104 Luserat
395 3044 455 3103 hoe
470 3063 574 3119 eunus,
594 3045 656 3102 nini
671 3044 866 3104 inobservata
880 3047 1022 3100 muneret

291 3127 508 3206 Permissaque
524 3128 584 3188 sihi
598 3125 700 3187 nollet
715 3128 800 3186 obire
815 3125 896 3203 fuge.

228 3212 284 3274 esi
301 3210 429 3272 meliore
442 3213 512 3292 piae
527 3213 573 3270 las
589 3218 638 3272 est
651 3229 779 3291 operare
793 3209 893 3268 sorori
977 3247 981 3252 -

292 3296 334 3355 Et
348 3295 504 3354 dominum
519 3294 625 3353 mnndi
640 3295 770 3353 flectere
785 3301 855 3352 voto
870 3291 989 3366 volent,

250 3377 336 3435 Haec
352 3397 368 3435 ιι
386 3375 512 3436 Surdoie
526 3378 584 3435 tibi
597 3376 729 3435 foniten
744 3374 843 3435 exulis
858 3376 937 3450 oris,

292 3457 405 3516 Fratre
419 3475 600 3535 reversuro,
620 3461 732 3517 nuncio
745 3459 830 3517 venit
846 3459 917 3518 avis.
927 3449 940 3459 ’
