2460 3878
135 261 199 326 258
462 263 507 325 M.
522 262 616 325 VAL.
632 262 859 324 liidlt'llALlS

220 417 316 476 Poma
334 415 417 496 quod
430 416 563 476 hiberna
577 417 818 477 maturescentia
833 435 941 497 capsa,

262 500 385 561 Arbore
404 499 487 579 qnod
501 518 596 560 verna
610 497 786 561 luxurioaua
800 519 890 579 ager3

198 585 267 646 olle
283 583 432 645 Palatinis
447 583 588 645 dominae
604 583 686 662 quod
704 584 811 644 Serico
826 582 961 666 praelia,

263 669 376 729 Sucina
389 669 528 748 virginea
543 667 626 748 quod
640 667 781 746 regelata
796 688 904 744 manu;

221 754 379 834 Amphora
394 751 476 832 qnod
493 754 594 832 nigri,
616 751 672 813 aed
685 750 781 832 longe
795 753 913 832 fracta,
935 751 1087 834 Falerni,

263 838 352 915 Quod
368 838 421 918 qui
437 837 574 897 Sicaniae
591 834 712 897 detinet
725 838 835 912 hortus
849 855 941 918 apea3

222 921 313 1000 Quod
327 923 431 983 Cosmi
446 919 593 982 redolent
608 919 761 981 alabastra
774 921 900 1001 focique
915 919 1065 1003 deornm,

183 1017 215 1068 10
264 1005 355 1083 Quod
369 1004 461 1066 modo
477 1004 623 1066 divitibus
636 1003 723 1086 lapaa
738 1024 853 1065 corona
866 1008 978 1066 cornia:

222 1089 350 1170 Singula
365 1089 438 1170 qnid
453 1089 575 1150 dicam?
597 1109 659 1150 non
676 1095 748 1150 eunt
761 1091 853 1166 autie;
874 1091 976 1151 omnia
990 1091 1105 1153 mlacea

264 1175 333 1235 Hoc
346 1175 487 1255 fragrant
501 1176 592 1255 pueri
606 1175 691 1235 baria
705 1193 794 1235 mane
809 1176 879 1235 mei.

222 1258 312 1319 Scire
327 1261 412 1339 capia
426 1259 563 1319 nornen?
582 1261 609 1318 ai
626 1264 757 1339 propter
774 1259 883 1337 baria,
895 1257 1013 1320 dicam:

263 1344 383 1405 iurasti.
412 1343 545 1403 Nimium
560 1344 657 1420 scire,
677 1342 808 1420 Sabine,
831 1345 924 1424 cupit.

633 1476 685 1539 ill.

225 1589 336 1653 Clarus
350 1590 464 1653 fronde
479 1593 574 1671 lovis,
596 1592 725 1652 Romani
737 1592 818 1653 fama
835 1592 996 1672 cothurni,

267 1676 372 1757 Spirat
386 1674 518 1757 Apellea
533 1674 677 1737 redditus
692 1682 759 1736 arte
773 1675 906 1740 Memor.

640 1828 765 1890 Χ..

224 1937 366 2001 Contulit
380 1940 417 2000 ed
433 1941 543 2000 satiras
558 1941 695 2020 iugentia
708 1946 836 2021 pectora
851 1939 984 2002 Turnua.

265 2025 329 2084 Gur
343 2044 404 2084 non
419 2023 459 2084 ad
471 2025 622 2086 Memoria
637 2025 794 2086 carmina?
824 2025 936 2086 Frater
952 2030 1032 2089 erat.

226 2270 337 2351 Tolle,
359 2289 455 2352 puer,
476 2269 590 2333 calioea
603 2271 764 2352 tepidique
779 2269 952 2331 toreumata
965 2268 1032 2332 Nili

263 2357 306 2419 Et
319 2356 394 2416 mihi
408 2374 518 2418 secura
530 2355 641 2437 pocula
656 2355 745 2416 trade
760 2373 867 2433 manu,

221 2439 314 2501 'lrita
327 2447 449 2521 patrum
462 2439 558 2502 labris
574 2445 606 2500 et
620 2447 710 2501 tonao
725 2459 802 2520 pura
815 2439 972 2514 miniatr03

264 2526 394 2586 Antion·
408 2527 523 2586 mencio
537 2526 721 2585 restituetur
734 2525 844 2584 honor.

200 2608 274 2670 ὁΤι
287 2614 398 2690 potare
413 2608 505 2670 decet
519 2628 654 2690 gemma,
675 2609 728 2689 qui
743 2607 888 2669 Mentora
901 2606 1020 2685 frangis

264 2694 299 2755 In
315 2693 472 2774 scaphium
489 2695 653 2773 moechae,
676 2689 912 2773 Sardanapalle,
934 2697 1016 2752 tuae.

629 2827 694 2892 Xll.

226 2941 275 3000 lus
289 2941 348 3000 tibi
362 2901 503 3001 natorum
519 2939 569 3001 vel
585 2945 723 3020 reptem,
746 2937 852 3018 Zoilo,
876 2936 984 3016 detur,
1035 2949 1039 2956 '

265 3024 344 3083 Dum
358 3031 487 3085 matrem
502 3042 593 3086 nemo
610 3022 665 3084 det
679 3023 754 3103 tibi,
775 3041 866 3086 nemo
880 3028 1011 3104 patrem.

623 3159 692 3220 Xlll

139 3229 214 3330 s
224 3269 369 3347 Quisquis
382 3269 562 3330 Flaminiam
577 3272 673 3350 teria,
693 3273 808 3350 viator,
847 3341 851 3353 ι
888 3269 891 3272 ’

211 3341 293 3424 Noli
306 3350 412 3414 nobile
426 3355 602 3433 praeterire
619 3375 763 3416 marmor.

211 3417 316 3522 lichia
331 3433 463 3496 deliciae
480 3435 623 3518 aaleaque
638 3438 718 3518 Nili,

214 3508 283 3596 stira
300 3523 333 3575 et
345 3519 461 3596 gratio,
484 3519 568 3581 lucus
583 3528 616 3582 et
630 3521 789 3603 voluptas,
