2392 3888
122 151 184 218 172
445 149 489 210 nl.
505 149 597 213 VAL.
612 149 839 212 nanninus

608 350 675 413 XC.

204 465 300 526 laetat
314 461 508 542 inaequalem
524 463 635 523 Matho
647 479 698 521 me
712 462 828 522 letinae
840 461 1000 525 libellum:

247 547 282 608 Si
295 565 403 607 rerum
417 555 483 624 eat,
503 545 611 606 laudat
630 547 767 605 earmina
779 553 887 606 noatra
901 547 1025 616 Matho.

205 629 362 712 Aequalea
375 633 486 691 scribit
497 629 596 691 libror
610 627 780 690 Clurienna
794 635 828 690 et
840 631 968 692 Umber.

247 714 394 796 Aequalis
405 715 488 777 liter
502 722 567 794 eut,
589 715 733 791 Oretice,
756 714 810 792 qui
823 712 921 774 malua
934 724 994 776 est.

604 851 683 915 XGl.

204 965 252 1026 ne
265 969 374 1025 nostro
386 962 520 1024 iucunde
535 965 611 1043 tibi,
624 961 792 1044 luvenalis,
807 962 908 1042 agello

247 1046 466 1109 Saturnalicias
479 1048 645 1126 mittimus,
667 1066 759 1125 ecce,
779 1066 884 1110 nucea.
1007 1113 1015 1124 ,

205 1133 320 1193 Cetera
332 1129 456 1193 lascivia
471 1130 596 1193 donavit
608 1152 700 1212 poma
713 1129 829 1212 puellis

245 1214 388 1277 Mentula
401 1215 539 1278 custodio
551 1213 709 1278 luxuriosa
725 1215 786 1276 del.

596 1350 687 1412 xcn.

205 1458 262 1538 „Sl
277 1458 351 1539 quld
366 1479 443 1541 opun
456 1459 570 1538 fuerit,
591 1463 652 1521 ucis
666 1479 716 1522 me
730 1481 793 1524 non
807 1480 876 1522 eoae
890 1458 1085 1539 rogandum“

247 1543 318 1604 Uno
332 1545 380 1604 bia
392 1542 489 1618 dlcia,
510 1544 662 1624 Baccara,
681 1550 796 1624 terque
810 1544 871 1608 die.

207 1626 355 1709 Appellat
367 1626 470 1706 rigida
484 1629 585 1688 tristia
598 1647 648 1689 me
662 1648 738 1690 voce
752 1627 927 1690 Secundua:
955 1635 964 1660 ’

247 1709 362 1789 Audin,
385 1717 418 1772 et
430 1705 550 1791 nereio,
571 1712 723 1789 Baccara,
742 1713 817 1790 quid
830 1715 872 1775 alt
884 1731 972 1792 opus.

184 1793 321 1856 5Penalo
336 1801 369 1855 te
384 1815 488 1856 coram
501 1797 620 1877 petitur
636 1795 782 1876 clareque
796 1795 975 1876 palamque:

152 1911 161 1928 .
248 1878 362 1958 Audin,
383 1885 416 1939 et
428 1881 547 1955 nescis,
566 1881 716 1959 Baccara,
739 1880 814 1959 quid
828 1882 870 1941 ait
883 1899 971 1960 opun.

204 1961 283 2023 Bate
299 1980 414 2042 queror
428 1961 607 2043 gelidasque
621 1966 697 2025 mihi
713 1965 864 2041 tritasque
876 1961 1041 2022 lacernas:

249 2045 363 2124 Audis,
385 2052 419 2106 et
431 2049 550 2126 neaeia,
572 2048 722 2125 Baccara,
746 2047 821 2127 quid
834 2048 875 2107 uit
889 2066 977 2126 opus.

205 2129 276 2191 Hoc
290 2148 367 2209 opna
382 2137 447 2208 eat,
469 2132 571 2191 subito
584 2132 640 2191 Baa
653 2139 688 2193 ut
704 2130 809 2192 sidere
823 2137 941 2206 mutua,

166 2222 199 2276 lo
246 2213 359 2274 Dicere
377 2233 417 2274 ne
433 2216 551 2295 poncia,
572 2215 723 2294 Baccara,
745 2213 821 2295 quid
837 2216 877 2274 rit
891 2232 979 2294 opus.

589 2363 694 2424 xcm.

206 2473 337 2552 Narnia,
360 2471 529 2554 sulphureo
546 2494 635 2554 quam
651 2477 773 2554 gurgite
788 2473 934 2540 candidus
950 2476 1050 2534 amnia

249 2557 387 2635 circuit,
410 2557 537 2638 ancipiti
551 2559 601 2618 vix
615 2557 755 2619 adermda
769 2559 858 2637 iugo,

206 2640 287 2716 Quid
304 2648 366 2700 tam'
378 2658 471 2719 aaepe
486 2660 587 2702 meum
602 2643 691 2704 nabin
707 2641 861 2704 abducere
875 2641 1025 2716 Quintum

180 2737 194 2748 ··
249 2723 297 2786 Te
311 2725 395 2785 iuvat
409 2730 442 2784 et
455 2722 542 2786 lenta
557 2724 727 2786 detinuisse
741 2725 850 2786 moral

185 2808 290 2883 aQuid
303 2807 488 2868 Nomentani
504 2829 623 2870 caueam
639 2811 714 2870 mihi
728 2807 835 2890 perdia
850 2805 961 2887 agelli,

248 2891 384 2971 Propter
397 2891 531 2952 vicinum
545 2895 598 2971 qui
611 2895 767 2974 pretioaua
782 2892 874 2953 erat?

208 2973 271 3034 Sed
283 2976 341 3034 iam
356 2993 450 3055 parce
464 2977 557 3051 mihi,
578 2995 638 3038 nec
650 2978 794 3053 abutere,
815 2976 946 3053 Narnia,
968 2974 1101 3049 Quinto:

248 3058 406 3137 Perpetuo
421 3055 517 3119 liceat
531 3061 576 3120 aie
588 3061 646 3120 tibi
661 3066 757 3141 ponte
774 3061 846 3122 irni.

611 3193 719 3255 xclv.

207 3301 404 3376 Unguentum
417 3303 537 3380 luerat,
560 3303 642 3382 qnod
657 3322 737 3382 onyx
750 3302 841 3363 modo
855 3321 948 3384 parra
963 3303 1111 3380 gerebat:

251 3379 366 3440 Olfecit
379 3389 541 3461 postquam
554 3385 696 3465 Papilua,
713 3404 805 3464 ecce,
825 3405 929 3466 garum
947 3391 1004 3446 eat.
