2392 3888
167 158 227 222 1⁴2
488 158 533 218 Μ
548 158 638 218 VAL.
658 159 881 220 minumus

629 359 737 422 LXIV.

249 474 326 534 cam
341 474 384 532 sis
397 487 456 530 nee
470 470 569 549 rigida
581 471 747 532 Fabiorum
761 480 1007 552 pertentatus,

247 556 314 615 Nee
329 554 448 634 qualem
466 555 577 627 eurio,
599 553 671 614 dum
684 555 813 635 prandia
825 563 930 636 portat
943 561 1057 630 aranti,

247 640 376 699 Hirsuta
387 640 513 719 peperit
527 637 681 718 dqrrensa
693 639 749 700 sub
763 637 838 698 ilice
854 641 1001 700 coniunx:

248 722 312 782 Sed
326 722 423 804 patris
437 721 477 780 ad
490 719 650 800 speculum
663 721 745 782 tunsi
760 724 927 801 matrisque
942 731 1062 802 togatae

224 805 346 879 auium
360 814 394 864 et
407 805 507 884 possit
520 822 661 884 spensam
675 811 708 864 te
722 825 834 885 sponsa
847 825 971 866 vocare:

246 888 421 949 Emendare
436 904 538 963 mens,
560 905 636 965 qncs
649 889 736 948 norit
747 888 843 965 fama,
863 887 990 950 libellos

246 973 288 1032 nt
301 973 359 1032 tibi
377 965 532 1051 permittis
547 969 658 1030 felices
674 989 803 1051 carpere
815 990 929 1051 nugas:

245 1056 326 1133 Has,
347 1056 487 1133 iuquam,
507 1071 620 1131 nugas,
642 1055 751 1131 quibus
766 1075 870 1114 aurem
887 1054 1050 1116 advertere
1063 1061 1133 1115 teian

246 1139 322 1198 Nun·
331 1143 534 1216 aspernantur
547 1155 695 1216 proceres
710 1138 857 1216 urbisque
872 1139 1009 1218 forique,

206 1222 376 1298 10Quaset
389 1221 534 1300 perpetui
549 1219 714 1298 dignantur
728 1222 841 1280 scrinia
857 1220 915 1282 Sili

244 1304 416 1383 Etrepetit
428 1304 544 1363 totiens
558 1301 690 1362 meando
704 1303 841 1382 Regulus
855 1323 926 1381 cre,

247 1387 368 1467 Quique
381 1384 467 1446 videt
479 1388 606 1466 propius
620 1388 720 1464 magni
734 1389 901 1448 certamina
916 1389 999 1448 Circi

136 1535 146 1557 ·
244 1471 364 1531 Laudat
376 1471 548 1531 Aventinae
559 1470 675 1528 vicinus
694 1469 771 1530 Sura
785 1471 909 1534 Dianae.

244 1557 314 1635 lpse
329 1556 422 1615 etiam
436 1560 521 1613 tanto
537 1552 677 1612 dominus
691 1555 746 1613 sub
760 1553 901 1633 pendere
916 1571 1019 1616 rerum

204 1638 313 1701 lecn
326 1636 511 1713 dedignatur
526 1637 574 1696 bis
587 1642 699 1714 terque
712 1635 874 1696 revolvere
888 1639 1010 1698 Caesar.

203 1769 206 1776 ,
245 1719 310 1780 Sed
324 1721 381 1780 tibi
394 1719 464 1800 plns
476 1721 606 1795 mentis,
627 1721 685 1780 tibi
699 1739 753 1778 cor
763 1718 892 1780 limante
905 1721 1046 1782 Minerva

245 1805 356 1864 Acrius
370 1810 403 1865 et
416 1808 527 1862 tennes
540 1802 697 1884 tinxerunt
709 1811 818 1882 pectus
832 1804 982 1866 Athenae.

244 1887 291 1948 Ne
305 1884 438 1962 valeam,
458 1887 484 1945 si
498 1905 559 1946 nnn
575 1884 671 1945 multo
686 1887 766 1966 sapit
783 1883 875 1946 altius
890 1887 983 1964 illud,

246 1970 336 2048 Quod
350 1990 418 2030 cum
432 1969 605 2049 panticibus
617 1968 694 2029 laxis
709 1976 743 2028 et
759 1989 826 2030 cum
843 1970 925 2051 pede
939 1971 1047 2048 grandi

202 2055 285 2117 nont
300 2056 394 2114 rubro
408 2051 555 2132 pulmone
568 2057 656 2112 vetus
670 2054 814 2131 nasisque
831 2053 998 2114 timendum
1163 2051 1164 2054 ’

245 2138 355 2198 Omnia
369 2133 505 2196 erudelis
517 2133 617 2195 lanius
632 2153 691 2215 per
704 2137 836 2215 compita
850 2144 964 2216 portat.

244 2220 351 2281 Audes
368 2226 551 2300 praeterea,
576 2236 653 2296 ques
665 2217 768 2278 nulius
783 2220 922 2299 neverit,
943 2221 975 2279 in
989 2239 1040 2280 me

244 2305 391 2365 Scribere
404 2299 573 2363 versiculos
587 2303 715 2362 miseras
729 2307 762 2362 et
775 2301 912 2382 perdere
926 2303 1056 2368 chartas.

243 2390 286 2447 nt
299 2389 326 2447 si
341 2385 416 2466 quid
429 2393 554 2446 nostrae
569 2386 626 2444 tibi
640 2383 712 2444 bilis
726 2386 874 2446 inusserit
892 2385 1002 2466 ardor,

201 2481 235 2533 25
241 2471 334 2533 Vivet
348 2477 381 2529 et
394 2468 537 2528 haerebit
547 2474 675 2547 totaque
688 2467 811 2546 legetur
824 2471 857 2528 in
871 2473 964 2546 urbe,

243 2553 392 2630 Stigmata
404 2570 462 2612 nec
478 2551 563 2611 vaira
577 2549 697 2612 delebit
710 2551 874 2613 Cinnamus
890 2558 966 2615 arte.

244 2635 308 2696 Sed
321 2637 472 2696 miserere
487 2636 548 2712 tui,
569 2634 677 2694 rubido
692 2653 750 2694 nec
764 2634 905 2715 perditus
919 2654 973 2695 cre

241 2720 424 2781 Fumantem
438 2737 544 2778 nusum
557 2719 617 2777 vivi
631 2721 830 2797 temptaveris
843 2720 918 2779 ursi.

243 2803 292 2864 Sit
304 2801 443 2883 placidus
456 2800 533 2861 licet
547 2807 580 2861 et
593 2798 709 2862 lambat
723 2801 898 2881 digitosque
911 2819 1094 2883 manusque,

200 2888 275 2950 cosi
290 2885 379 2947 doles
395 2892 428 2945 et
442 2883 532 2960 bilis,
550 2883 579 2942 i
596 2888 676 2944 iusta
690 2886 830 2962 coegerit
840 2889 903 2963 ira,

177 2987 181 2996 ’
242 2970 340 3031 Ursus
354 2971 432 3032 erit:
452 2977 546 3028 v'acua
560 2966 671 3027 dentes
685 2968 717 3026 in
731 2966 817 3048 pelle
830 2969 941 3048 fatiges

242 3055 283 3114 ut
298 3053 421 3114 tacitam
436 3070 582 3131 quaeras,
602 3070 692 3130 quam
704 3045 805 3132 posui
818 3053 949 3131 rodere,
970 3071 1102 3114 curnem.

625 3175 718 3247 va.

243 3302 459 3380 „Hexametris
473 3302 659 3381 epigramma
672 3301 772 3362 iacis“
788 3301 852 3361 scic
869 3300 977 3362 dicere
992 3301 1126 3362 Tuccam.

285 3384 405 3461 Τιιιιι,
427 3382 608 3461 soietfleri,
629 3384 782 3464 deniqne,
804 3384 923 3461 Tucca,
942 3383 1032 3448 lieet.
