2392 3888
117 130 182 196 tta
442 129 486 190 Μ.
500 128 593 191 VAL.
610 127 836 192 munitatis

537 289 686 392 Onxx.

202 447 413 524 Sexagesima,
436 446 611 522 Marciaue,
630 447 740 506 messia

202 533 280 592 Acta
294 537 343 590 est
356 537 406 605 et,
426 539 520 609 puto,
541 531 601 590 iam
615 528 751 590 secunda
766 529 894 610 cottae,

202 615 268 676 Nec
283 633 317 673 ae
333 613 437 674 taedia
449 612 558 674 lectuli
573 611 703 673 calentis

201 699 370 777 Expertum
385 698 525 757 meminit
539 695 590 756 die
605 695 655 756 vel
669 716 739 756 noo.

177 779 350 846 50ateudit
363 779 507 858 digitum,
529 779 586 839 aed
599 779 802 860 impudicum,

201 864 329 926 Alconti
345 865 499 942 Dasioque
510 865 763 942 Symmachoque.

202 952 245 1009 At
258 950 357 1008 nostri
371 950 452 1008 bene
467 954 684 1026 computentur
698 948 770 1006 anni

203 1033 245 1096 Et
260 1039 406 1110 quantum
422 1032 553 1092 tetricae
567 1029 670 1092 tulere
689 1031 811 1108 febres,
909 1077 921 1091 .

202 1119 266 1176 Ant
278 1114 408 1191 languor
422 1116 538 1193 ςιιιίι,
559 1122 612 1174 aut
625 1114 697 1174 mali
712 1112 853 1192 dolores,
972 1133 977 1140 ·

34 1229 45 1244 ·
162 1203 231 1263 ’1οΑ
245 1200 307 1258 vita
321 1197 450 1258 meliore
465 1206 665 1278 separentur:

202 1284 340 1344 Infantes
355 1301 474 1359 ιιιιιιιιι,
494 1289 527 1342 et
541 1301 632 1342 senes
647 1281 796 1344 videmur.

201 1368 345 1428 Aetatem
358 1365 535 1444 Priamique
550 1367 753 1445 Nestorisque

201 1452 336 1527 Longam
354 1450 406 1528 qui
420 1456 508 1529 putat
522 1468 609 1527 esse,
628 1449 804 1526 Marciaue,

202 1533 335 1595 Multum
349 1532 566 1612 decipiturque
578 1531 768 1612 falliturque.

160 1627 194 1680 15
200 1618 268 1678 Non
283 1623 332 1675 est
344 1617 466 1695 vivere,
488 1615 543 1677 aed
559 1615 662 1678 valere
676 1619 737 1677 vita
751 1624 809 1676 est

587 1750 691 1810 LXXI.

201 1858 307 1922 Edere
321 1861 452 1923 lascivos
466 1863 506 1924 ad
519 1865 643 1923 Baetica
661 1870 811 1925 crusmata
824 1870 929 1940 gestus

242 1944 284 2004 Et
302 1946 462 2006 Gaditanis
475 1946 586 2007 ludere
600 1945 691 2006 docta
703 1945 818 2023 modis,
949 1943 956 1952 ’

202 2026 350 2089 Tendere
365 2049 443 2110 qnae
457 2029 622 2090 tremulum
638 2029 744 2090 Pelian
760 2031 972 2108 Hecubaeque
987 2033 1139 2092 maritum

75 2183 79 2190 ¹
241 2111 353 2174 Posset
367 2113 406 2173 ad
420 2114 596 2174 Hectoreos
611 2112 781 2176 sollicitere
797 2132 906 2191 rogos,

155 2193 254 2255 oUrit
268 2203 301 2256 et
316 2199 473 2258 excruciat
488 2195 643 2258 dominum
660 2196 829 2257 Telethusa
843 2197 1001 2276 priorem:

245 2278 396 2342 Vendidit
411 2280 567 2358 ancillam,
588 2301 670 2340 nunc
684 2280 811 2340 redimit
828 2279 991 2342 dominam.

577 2414 696 2474 LXXII.

199 2525 264 2585 Fur
277 2534 369 2586 notae
382 2528 508 2588 nimium
525 2529 701 2608 rapacitatis

200 2608 375 2688 compilare
388 2610 468 2670 cntx
481 2610 605 2671 volebat
618 2613 756 2686 hortum,
787 2639 788 2642 ¹

201 2691 323 2770 Ingenti
338 2693 396 2754 sed
411 2703 496 2771 erat,
514 2693 661 2772 Fabulle,
682 2695 715 2753 in
730 2695 822 2752 horto

201 2776 334 2837 Praeter
352 2796 556 2838 marmoreum
570 2777 647 2837 nihil
661 2777 816 2857 Priapum.

176 2859 279 2920 olium
294 2879 356 2920 non
369 2860 437 2922 volt
450 2881 544 2921 vacua
557 2881 648 2921 manu
663 2860 785 2938 redire,

198 2942 299 3022 Ipsum
314 2947 462 3026 surripuit
476 2944 558 3006 cilix
570 2945 724 3025 Priapum.

575 3079 708 3140 LXXIII.

169 3181 173 3188 ’
198 3188 267 3248 Νοιι
280 3187 366 3249 rudia
380 3187 505 3249 indocta
520 3191 597 3251 iecit
609 3210 659 3251 me
673 3189 753 3250 inlce
768 3188 912 3250 colonnsa

239 3272 469 3351 Dispensatoris
483 3273 590 3334 nobile
607 3276 709 3335 cernis
725 3293 811 3354 opus.

196 3352 273 3413 Nam
288 3355 454 3415 Caeretani
469 3354 571 3417 cultor
585 3359 762 3418 notissimus
776 3357 843 3436 agri
