2460 3878
339 180 694 271 ιΕΡΙΕΙῐΑΜΜΑΊῸΝ
707 211 781 272 LIB.
797 211 835 275 X.
1050 211 1117 275 249

153 362 301 430 Promisit
315 363 435 441 parIter
450 379 483 421 se
500 358 622 440 Phyllis
638 363 762 440 utrique
778 361 932 440 daturam,

195 447 237 505 Et
253 444 356 505 dedIt:
377 443 434 504 ille
447 444 560 525 pedem
576 444 715 524 sustulit,
737 447 787 506 hic
803 449 944 506 tunicam.

520 578 668 640 LXXXII.

153 676 188 736 Si
203 676 277 755 quid
291 683 399 736 nostra
413 679 473 736 tuis
489 676 584 736 adicit
598 678 717 738 vexatio
732 679 841 755 rebus,

196 761 290 820 Mane
307 758 357 820 vel
373 760 505 820 amedia
521 768 613 821 nocte
629 767 749 839 togatus
766 781 836 840 cro,

154 843 392 922 Stridentesque
409 845 507 903 feram
521 845 612 903 flatus
627 844 779 923 aquilonis
793 847 891 924 iniqui

196 929 237 987 Et
251 929 350 1007 patiar
364 929 484 990 nimbos
497 928 708 1006 excipiamque
722 930 818 990 nives.

132 1010 221 1072 fised
236 1013 262 1071 si
276 1031 338 1071 non
351 1012 407 1070 fias
422 1011 592 1090 quadrante
607 1013 728 1072 beatior
743 1032 802 1070 uuo

195 1095 258 1154 Per
273 1097 404 1173 gemitus
419 1102 543 1155 nostros
557 1095 766 1174 ingenuasque
782 1115 905 1173 cruces,
945 1136 956 1156 .

153 1179 267 1255 Parce,
288 1197 417 1257 precor,
438 1179 522 1238 fesso
536 1197 692 1256 vanosque
706 1179 831 1240 remitte
846 1179 984 1259 labores,

196 1262 254 1338 Qui
270 1263 326 1321 tibi
341 1281 404 1321 non
417 1269 549 1341 prosunt
564 1271 596 1320 et
611 1263 701 1340 thi,
724 1261 831 1342 Galle,
853 1271 976 1340 nocent.

510 1395 671 1456 LXXXIII.

153 1493 250 1552 Raros
263 1493 385 1572 colligis
399 1495 472 1554 hinc
488 1501 520 1554 ct
536 1495 608 1554 hinc
624 1495 753 1574 capillos

151 1578 193 1636 Et
209 1576 303 1638 latum
318 1577 450 1654 nitidae,
473 1579 611 1655 Marine,
632 1578 735 1639 calvae

154 1661 301 1741 Campum
318 1663 510 1741 temporibus
525 1663 604 1740 tegis
620 1666 762 1723 comatis:

154 1743 218 1804 Sed
233 1747 307 1806 moti
322 1745 456 1805 redeunt
470 1747 597 1806 iubente
611 1753 703 1806 vento

129 1827 399 1907 5Reddunturque
415 1830 472 1888 sibi
489 1837 640 1910 caputque
654 1831 768 1890 nudum

156 1913 256 1972 Cirris
269 1912 435 1992 grandibus
450 1915 522 1974 hinc
541 1921 573 1974 et
590 1914 663 1974 inde
679 1916 812 1994 cingunt.

152 1996 239 2055 Inter
253 1996 511 2077 Spendophorum
527 1998 816 2078 Telesphorumque

152 2079 257 2158 Cydae
273 2087 356 2140 stare
370 2082 492 2160 putabis
507 2081 725 2141 Hermerotem

154 2164 235 2240 Quin
252 2170 286 2222 tn
300 2164 468 2243 sImpIicius
484 2183 589 2224 senem
604 2165 729 2242 fateris,

108 2247 196 2309 10Ut
211 2246 335 2307 tandem
351 2247 483 2307 videaris
500 2268 577 2308 unus
593 2250 685 2312 esse?

154 2329 246 2390 Calvo
261 2333 381 2411 turpius
399 2338 447 2391 est
460 2329 539 2390 nihil
555 2338 681 2392 comato.

507 2465 669 2527 LXXXIV.

151 2561 293 2640 Miraris,
317 2581 412 2642 qnare
427 2563 590 2622 dormitum
606 2583 667 2623 non
683 2571 733 2624 eat
746 2564 845 2624 Afer?
940 2553 942 2558 ’

194 2642 363 2706 Accumbat
380 2667 446 2706 cum
462 2667 536 2725 qua,
560 2647 761 2726 Caediciane,
773 2648 879 2708 'vides

1 2721 2 2792 I
513 2760 664 2822 cxxxv.

152 2856 215 2914 Iam
232 2857 336 2915 senior
351 2855 457 2916 Ladon
472 2857 641 2918 Tiberinae
655 2864 746 2916 nanta
764 2857 886 2916 carinae
956 2893 957 2896 =

193 2939 335 2999 Proxima
349 2939 474 3000 dilectis
487 2961 560 3000 rura
574 2941 691 3020 paravit
708 2942 804 3018 aquis.

152 3023 237 3099 Quae
254 3042 321 3082 cum
337 3042 429 3102 saepe
444 3043 537 3102 vagus
552 3031 712 3104 premeret
728 3026 919 3085 torrentibus
936 3024 1026 3085 undis

195 3107 301 3166 Tibris
315 3114 349 3166 et
362 3109 493 3168 hiberno
507 3115 668 3188 rumperet
682 3129 751 3167 arva
763 3107 847 3187 lacu,

128 3191 322 3252 bllmeritam
335 3191 479 3270 puppim,
502 3192 569 3270 ripa
584 3211 662 3270 quae
677 3195 777 3253 stabat
791 3194 824 3253 in
842 3192 919 3270 alta,

196 3271 339 3354 Implevit
353 3276 432 3334 saxis
449 3279 654 3356 opposuitque
668 3276 762 3340 vadis.

151 3357 203 3418 Sic
219 3359 328 3418 nimias
344 3360 455 3418 avertit
470 3379 571 3438 aquas.
605 3361 680 3437 Quis
696 3360 828 3419 credere
843 3359 971 3438 posset?

193 3439 351 3502 Aurilium
368 3442 490 3503 domino
505 3463 605 3504 mersa
620 3446 723 3503 carina
737 3442 819 3503 tulit.
