2478 3922
489 207 614 258 surina
635 207 706 258 xlv.

104 350 197 429 Fregit
218 365 308 428 opes;
330 367 387 408 neo
406 365 496 428 parva
517 357 614 409 1011011
633 362 768 410 mensura
789 349 912 414 relictae

103 435 187 498 Partis
212 441 289 494 erat:
314 440 404 494 totam
422 432 497 494 hanc
519 431 644 494 turbarit
665 433 741 495 lilius
768 448 877 514 amens,

103 519 170 580 llum
191 517 314 578 meliore
336 533 429 578 novas
451 514 558 577 attollit
577 531 720 578 marmore
739 517 835 580 villas.

140 601 262 676 Quidam
283 601 379 662 sortiti
399 608 576 662 metuentem
597 600 718 663 sabbata
739 610 852 681 patrem

100 685 144 747 llil
164 693 283 765 praeter
304 683 397 746 nubes
419 695 448 746 et
470 685 549 760 coeli
569 697 674 746 numen
696 685 826 765 adorant,

100 769 159 831 1100
181 771 289 832 distare
312 777 415 848 putant
434 769 556 831 humana
579 785 667 830 carne
690 769 815 847 suillam,

100 853 160 928 Qun
178 860 263 932 pater
281 852 417 914 abstinuit
424 876 433 923 ;
454 867 523 914 mort
544 861 574 914 et
595 855 747 934 praeputia
769 864 888 934 ponunt.

98 937 240 998 Romanas
263 945 359 997 autem
381 937 459 998 soliti
482 946 669 998 contemnere
690 937 775 1016 leges
1035 951 1085 1005 100

98 1021 241 1082 Iudaicum
262 1021 396 1082 ediscunt
417 1029 448 1082 et
467 1030 586 1082 seruant
607 1033 643 1082 ac
661 1029 790 1082 metuunt
812 1023 867 1100 ius,

98 1104 224 1167 Tradidit
242 1118 349 1166 ardano
377 1105 583 1184 quodcumque
604 1104 752 1166 volumine
773 1104 884 1183 llosos,

99 1187 162 1250 Nou
184 1198 346 1250 monstrare
368 1190 431 1251 1100
454 1189 557 1250 eadenr
579 1190 634 1250 nisi
656 1204 740 1252 sacra
760 1190 880 1267 colenti,

99 1273 263 1348 Quaesitum
286 1273 322 1334 ad
341 1273 452 1335 iontem
474 1272 557 1334 solos
576 1272 724 1334 deducere
744 1288 865 1353 verpus.

98 1357 156 1419 Sed
176 1365 260 1437 pater
281 1358 311 1418 iu
333 1370 437 1434 eausa,
459 1358 506 1418 cui
528 1357 652 1436 septima
675 1375 810 1437 quaeque
832 1359 886 1420 luit
913 1357 964 1420 lux
1033 1370 1084 1423 105

97 1440 203 1520 lgnava
224 1450 253 1503 et
274 1447 387 1520 partern
406 1442 487 1502 vitae
508 1455 566 1500 nou
589 1442 684 1518 attigit
703 1441 803 1503 ullam.

138 1526 251 1604 Sponte
272 1534 369 1586 tamen
394 1526 516 1586 iuvenes
537 1525 681 1586 imitantur
703 1534 817 1586 cetera:
839 1525 931 1586 solam

96 1609 179 1671 luuiti
203 1627 320 1689 quoque
344 1609 493 1670 avaritiam
519 1621 663 1670 exercere
688 1608 832 1670 iubentur.

96 1693 182 1759 Fallit
207 1695 281 1754 euim
307 1691 407 1755 vitium
429 1693 531 1772 specle
553 1693 677 1755 virtutis.
690 1699 719 1754 et
740 1692 850 1771 umbra,
876 1719 880 1726 ·

16 1829 17 1856 ζ
97 1778 190 1858 Qum
212 1779 249 1838 sit
270 1779 353 1838 triste
374 1776 473 1840 ltabitu
495 1776 635 1856 vultuque
659 1787 689 1838 et
710 1786 795 1838 veste
818 1789 953 1839 severum
1035 1787 1099 1858 110,

16 1869 18 1896 ³
95 1861 159 1923 Neo
184 1860 272 1923 dubie
293 1871 438 1941 umquam
460 1861 538 1940 frugi
559 1861 691 1923 laudetur
711 1872 827 1939 avarus,
1089 1857 1107 1893 ²

95 1945 253 2025 Tamquam
273 1960 380 2025 parens
404 1945 492 2008 homo
515 1952 546 2006 et
565 1959 662 2006 rerum
684 1946 774 2008 tutela
796 1959 912 2007 suarum

95 2029 185 2092 cena
204 2031 315 2109 magis,
338 2048 424 2110 quarn
447 2031 473 2090 sl
493 2029 624 2092 fortunas
641 2038 741 2092 servet
763 2031 882 2091 easdem

93 2113 290 2194 llespcridum
312 2129 437 2194 serpens
460 2123 509 2175 aut
530 2113 677 2176 Ponticus.
715 2113 799 2176 Adde
823 2113 902 2193 quod
922 2112 1015 2189 hunc,
1047 2112 1083 2173 de

93 2199 160 2273 Quo
182 2199 307 2277 loquor,
334 2199 485 2277 egregium
506 2198 633 2278 populus
655 2207 737 2278 putat
758 2197 927 2277 adquirendi
1035 2206 1084 2258 115

92 2281 261 2352 Artificem
285 2283 393 2362 quippe
415 2283 460 2344 luis
479 2289 616 2343 creseunt
634 2283 805 2361 patrimonia
826 2279 925 2342 labris.

91 2366 154 2428 Sed
178 2375 316 2428 crescunt
336 2381 522 2448 quorumque
545 2364 648 2441 modo,
672 2365 841 2443 maioraque
863 2365 933 2424 fiunt

90 2450 204 2512 lucude
227 2450 342 2511 assidua
364 2463 542 2530 semperque
569 2447 690 2510 ardente
717 2450 839 2510 camino.

89 2533 129 2595 ldt
152 2542 239 2613 pater
262 2547 335 2612 erqo
359 2535 445 2596 animi
470 2534 578 2595 delites
601 2533 694 2595 credit
718 2549 839 2604 aaaron

90 2618 150 2693 Qut
172 2619 292 2679 miratur
314 2635 406 2698 opes,
436 2619 485 2700 qui
503 2618 582 2679 nulla
604 2617 739 2698 exempla
760 2617 839 2680 beati
1035 2626 1085 2679 110

87 2703 235 2782 Pauperis
260 2719 329 2762 esse
351 2711 449 2783 putat,
476 2704 600 2765 iuvenes
620 2702 767 2780 hortatur,
789 2701 919 2764 utillum

87 2785 139 2846 lre
163 2787 240 2846 viam
261 2796 385 2865 pergant
405 2796 435 2848 et
457 2787 553 2848 eidem
572 2787 741 2848 incumbere
764 2791 876 2848 sectae.

88 2872 167 2930 Sunt
189 2870 332 2950 quaedam
353 2873 488 2931 vitiorum
510 2871 669 2932 elementa:
692 2870 737 2932 llis
758 2871 890 2950 protinus
914 2870 983 2932 illos

86 2953 198 3014 lmltuit
221 2963 251 3014 et
276 2955 357 3032 cogit
378 2956 509 3016 minimas
529 2955 665 3017 ediscere
687 2954 803 3032 sordes,
831 2971 833 2976 ⁴

86 3037 163 3098 Mox
186 3036 358 3118 adquirendi
382 3039 473 3100 docet
491 3039 655 3101 ineatialtile
678 3047 786 3100 uotum.
1034 3045 1084 3100 115

88 3123 256 3183 Servorum
276 3131 397 3184 vertras
417 3125 516 3184 modio
539 3125 666 3202 castigat
682 3125 792 3204 iniquo,

86 3204 162 3283 lpse
183 3223 305 3286 quoque
322 3209 454 3268 esuriens
460 3231 468 3278 ;
488 3219 585 3288 neque·
607 3209 683 3268 enim
701 3210 797 3270 omnia
812 3207 1085 3284 sustinetumqnam

85 3289 210 3350 llucida
232 3287 364 3353 caerulei
383 3293 466 3371 paris
490 3307 663 3354 consumere
685 3290 787 3371 frusta,

84 3372 271 3435 Hesternum
292 3376 398 3436 solitus
418 3377 515 3438 medio
537 3391 661 3438 serrare·
677 3376 795 3437 minutal

85 3457 281 3538 Septembri,
305 3478 360 3520 uec
383 3475 442 3522 non
467 3459 585 3523 dillcrre
607 3463 636 3520 iu
658 3469 790 3540 tempora
813 3456 925 3536 octenae
1034 3457 1084 3510 13⁰
