2426 3900
7 3381 9 3471 I

96 141 137 220 is
421 136 824 222 mvnnmnuumms‘

574 359 668 422 nvn.
708 331 712 341 ’

182 470 321 534 Callidus
335 473 484 554 imposuit
496 491 597 555 nuper
610 474 687 533 mihi
702 493 780 554 copo
795 473 981 538 Ravennae:

224 557 301 618 Cum
318 562 459 636 peterem
474 558 617 635 mixtum,
638 555 780 617 vendidit
793 557 850 620 ille
866 578 1001 625 merum.

562 691 667 754 LVIII.

181 805 294 865 Baiana
310 806 411 866 nostri
426 805 516 885 villa,
537 807 649 886 Bnase,
667 808 807 868 Faustini

181 889 250 949 Non
266 891 374 950 otlosis
389 889 531 950 ordInata
549 893 692 970 myrtetis

181 972 345 1054 Viduaque
359 973 486 1054 platano
499 973 669 1053 tonsIIIque
684 977 797 1036 buxeto

181 1056 303 1136 Ingrata
317 1058 374 1119 lati
387 1061 486 1139 spatia
498 1058 621 1120 detInet
635 1061 749 1140 campi,

159 1140 247 1202 bsed
262 1161 335 1203 rure
349 1162 422 1203 vero
438 1144 632 1223 barbaroque
645 1143 788 1207 laetatur.
898 1147 902 1152 '

181 1225 242 1284 Hic
256 1225 338 1286 farta
353 1227 505 1306 premitur
518 1226 628 1306 angulo
649 1228 747 1288 Oeres
763 1230 846 1289 omni

180 1309 223 1369 Et
237 1307 334 1369 multa
351 1310 469 1388 fragrat
483 1318 565 1372 testa
578 1313 705 1373 senibus
720 1313 900 1374 auctumnls.

181 1392 241 1453 Hic
255 1400 328 1473 post
343 1393 534 1456 Novembres
548 1397 729 1457 imminente
743 1397 802 1456 iam
818 1399 925 1458 bruma

181 1477 275 1537 Seras
290 1485 416 1559 putator
428 1478 574 1539 horridus
587 1481 687 1540 refert
702 1499 787 1540 uvas:

139 1561 303 1624 10Truces
317 1564 350 1622 in
367 1563 427 1624 alta
441 1562 522 1624 valle
536 1565 676 1642 mugiunt
689 1565 770 1623 tauri

181 1645 368 1725 Vitulusque
382 1649 494 1708 inermi
506 1649 611 1709 fronte
626 1649 729 1729 prurit
741 1649 774 1707 in
787 1665 927 1728 pugnam.

180 1730 319 1808 Vagatur
333 1733 434 1792 omnis
448 1733 539 1792 turba
554 1731 699 1792 sordidae
714 1732 847 1810 chortis,

180 1815 317 1892 Argutus
332 1834 425 1876 anser
440 1818 632 1895 gemmeique
647 1834 781 1897 pavones

180 1897 362 1979 Nomenque
378 1899 475 1962 debet
489 1919 566 1978 qnae
582 1900 766 1961 rubentibus
780 1899 882 1980 pinnis

138 1983 222 2044 leIt
234 1984 317 2062 picta
330 1982 442 2063 perdix
456 1983 698 2064 Numidicaeque
714 1985 850 2063 guttatae

180 2067 222 2126 Et
235 2068 398 2147 impiorum
413 2068 559 2146 phasiana
573 2066 777 2142 Colchorum

180 2149 317 2231 RhodIas
333 2152 460 2229 superbi
478 2151 609 2211 feminas
624 2159 770 2232 premunt
785 2150 857 2230 galli

181 2235 361 2315 Sonantque
377 2241 482 2296 turres
493 2233 656 2316 plausibus
672 2234 902 2310 columbarum

181 2319 287 2381 Gemit
301 2322 373 2380 hinc
387 2320 565 2402 palumbus,
586 2320 660 2380 inde
676 2337 786 2380 aereus
801 2326 919 2397 turtur,

41 2462 45 2472 ,
139 2404 271 2467 iodvidi
287 2412 435 2465 secuntur
448 2405 559 2465 vllicae
575 2406 674 2465 sinum
688 2405 776 2484 porci

181 2489 379 2567 Matremque
394 2486 518 2568 plenam
533 2487 636 2548 mollis
652 2507 746 2567 agnus
759 2491 910 2568 expectat.

181 2572 318 2648 (lingunt
332 2589 476 2630 serenum
490 2569 586 2631 lactei
600 2573 703 2632 focum
717 2589 831 2632 vernae

179 2656 220 2716 Et
235 2653 322 2733 larga
334 2653 434 2714 festos
447 2652 532 2715 lucet
546 2655 586 2714 ad
600 2655 683 2716 lares
698 2655 782 2716 silva.

179 2738 249 2798 Non
266 2738 370 2818 segnis
386 2737 457 2799 albo
471 2738 573 2820 pallet
591 2742 655 2801 otio
672 2759 768 2820 copo,

138 2822 244 2886 25Nec
261 2823 367 2902 perdit
386 2821 488 2886 oleum
505 2823 644 2884 lubricus
661 2823 858 2904 palaestrita,

181 2905 245 2966 Sed
258 2906 362 2967 tendit
375 2907 471 2968 avidis
486 2909 555 2969 rete
572 2907 734 2969 subdolum
749 2905 849 2968 turdis

180 2989 367 3051 Tremulave
383 2999 505 3071 captum
518 2991 602 3052 linea
616 2994 713 3052 trabit
729 2993 863 3072 piscem,

180 3076 243 3134 Aut
257 3073 437 3154 Impeditam
454 3077 590 3136 cassibus
605 3077 707 3136 refert
725 3075 882 3136 dammam.

178 3159 315 3220 Exercet
329 3157 446 3219 hilares
462 3158 564 3220 facilis
576 3162 685 3221 hortus
701 3161 835 3220 urbanos

137 3243 218 3305 aobt
231 3243 408 3323 paedagogo
422 3262 484 3302 non
501 3244 628 3304 iubente
642 3243 750 3304 IascIvi

179 3327 297 3385 Parere
312 3325 447 3404 gaudent
461 3324 553 3386 vilico
570 3327 722 3406 capillati,

178 3408 222 3469 Et
236 3406 389 3469 delicatus
404 3427 500 3489 opere
515 3409 632 3469 fruitur
649 3409 816 3468 cunuchus,
860 3487 869 3500 ἱ
