2426 3900
337 219 678 283 EPIGRAMMATON
692 222 766 284 LlB.
783 221 819 284 ll.
1058 220 1101 287 58

143 377 243 454 Quem
258 393 321 434 non
334 373 469 435 lacernis
483 370 611 433 Publius
627 392 713 434 meus
727 375 842 452 vincit,
872 389 884 404 ·

141 461 209 520 Non
224 462 293 540 ipse
309 457 430 518 Gordus
445 456 536 536 alpha
549 457 800 536 paenulatorum,

120 544 242 620 aquam
258 559 334 621 grex
348 547 470 619 togatus
485 541 626 619 sequitur
640 547 673 600 et
688 540 850 620 capillatus

141 628 327 704 Recensque
344 623 422 685 sella
435 622 603 700 llnteisque
616 621 773 703 lorisque:

143 709 367 791 Oppigneravit
379 705 471 767 modo
486 707 576 766 medo
592 706 631 767 ad
646 705 734 784 Cladi
750 726 886 768 mensam

142 795 288 856 virecta
303 793 433 852 nummis
450 788 589 869 anulum,
609 789 691 850 unde
707 800 843 852 cenaret.

526 924 630 985 LVlll.

142 1038 276 1097 Pexatus
290 1035 420 1118 pulchre
435 1033 521 1095 rides
535 1054 619 1113 mea,
641 1034 750 1114 Zoile,
773 1037 856 1096 trita.

185 1121 263 1181 Sunt
276 1121 354 1214 haec
370 1121 445 1180 trita
461 1117 585 1198 quidem
592 1121 616 1197 ,‘
623 1119 730 1197 Zoile,
752 1119 808 1180 sed
823 1137 891 1180 mea
905 1124 985 1180 suut

541 1253 617 1316 LIX.
733 1317 740 1322 .

143 1366 227 1425 Mica
239 1382 350 1424 vocor:
374 1361 519 1440 quidalm
535 1365 652 1437 cernis,
675 1365 797 1424 cenatio
812 1384 920 1444 parra:

184 1449 231 1508 Ex
244 1465 294 1507 me
310 1447 496 1507 caesareum
508 1448 662 1526 prospicis
676 1466 750 1508 ecce
765 1446 895 1507 tholum.

21 1549 24 1557 ¹
142 1533 265 1609 Frange
280 1536 384 1607 toros,
406 1539 479 1609 pete
493 1532 580 1609 rina,
599 1550 686 1590 rosas
702 1549 794 1611 cape,
815 1534 938 1608 tingere
953 1528 1066 1591 narde:

185 1616 255 1695 lpse
269 1615 358 1674 iubet
373 1615 528 1672 mortis'te
543 1615 719 1674 meminisse
736 1614 821 1676 deus.

551 1746 616 1810 Lx.

140 1862 277 1922 Uxorem
293 1859 400 1919 armati
415 1858 527 1937 futuis,
546 1877 625 1939 puer
637 1856 752 1938 Hylle,
774 1861 899 1920 tribuni.

186 1941 375 2023 Supplicium
390 1948 509 2002 tantum
522 1961 595 2002 num
608 1943 730 2023 puerile
745 1944 859 2003 times?

142 2028 209 2091 Vae
223 2027 297 2103 tibi,
319 2025 391 2096 dum
404 2023 503 2102 ludis,
526 2028 713 2088 castrabere.
743 2027 804 2088 lam
819 2025 895 2086 mihi
909 2024 995 2087 dices

184 2109 275 2187 „Non
285 2107 361 2169 licet
371 2109 464 2169 hoc.“
486 2108 589 2185 Quid?
604 2116 638 2169 tu
650 2108 733 2190 quod
743 2111 836 2188 facis,
853 2108 964 2189 Hylle,
978 2108 1078 2169 licet?

539 2257 615 2318 LXI.

142 2369 220 2430 (ium
234 2368 293 2427 tibi
306 2374 474 2427 vernarent
488 2367 581 2428 dubia
594 2365 739 2446 lanugine
755 2365 869 2446 malae,

184 2451 354 2511 Lambebat
371 2450 490 2511 medios
503 2453 644 2532 improba
659 2450 763 2530 lingua
776 2453 870 2515 viros.

140 2537 309 2614 Postquam
323 2535 415 2593 triste
430 2541 522 2615 caput
534 2536 659 2596 fastidia
671 2534 869 2616 vispillonum

184 2619 227 2678 llt
241 2618 348 2678 miseri
362 2620 476 2678 meruit
490 2618 593 2680 taedia
607 2621 775 2699 carnificis,

118 2703 253 2766 bUteris
268 2719 323 2761 ore
339 2699 433 2760 aliter
447 2703 602 2782 nimiaque
621 2706 767 2782 aerugine
783 2710 890 2784 captus

183 2782 320 2844 Allatras
334 2802 448 2845 nomen
463 2785 547 2866 quod
560 2788 619 2846 tibi
634 2802 753 2866 cunque
770 2786 869 2849 datur.

140 2869 279 2930 Haereat
292 2869 468 2946 inguinibus
481 2871 584 2951 potius
601 2877 662 2931 tam
676 2872 765 2931 noxia
777 2870 897 2949 linguat

182 2951 260 3014 Nam
274 2970 344 3012 cum
358 2949 503 3032 fellaret‚
521 2955 629 3032 purior
643 2953 699 3014 illa
712 2955 781 3016 fuit

536 3086 627 3149 Lxss.

140 3197 232 3274 Quod
243 3207 370 3280 pectus,
392 3199 475 3280 quod
490 3220 581 3261 crura
594 3177 668 3278 tibi',
692 3199 774 3280 quod
787 3203 913 3262 brachia
926 3200 1031 3280 vellis,

184 3282 274 3358 Quod
289 3286 390 3344 cincta
406 3291 455 3344 eat
469 3285 614 3344 brevibus
629 3286 765 3346 mentula
779 3294 868 3346 tunsa
883 3284 972 3364 pilis:

136 3365 208 3425 lloc
219 3375 376 3446 praestas,
390 3367 545 3445 Labiene,
560 3370 756 3446 tuae-quis
767 3370 891 3428 nescit?
901 3403 936 3412 -
946 3370 1069 3429 amicae.

181 3449 240 3508 Cui
255 3456 395 3528 praestas
411 3449 512 3510 culum
529 3451 628 3530 quod,
649 3451 803 3526 Labiene,
825 3449 928 3530 pilas?
