2392 3888
286 296 778 360 uuionnnnnuonmuus.
990 279 1050 358 ιιι

93 451 207 531 „Tune
223 468 274 528 es,
295 448 392 508 tune“
408 449 451 508 ait
464 446 541 526 „ille
557 445 728 525 Martialis,

68 537 192 598 accim
209 533 364 612 nequitias
377 533 523 609 iocosque
538 532 639 608 novit,

92 621 208 679 Aurem
224 617 277 695 qui
291 613 382 676 modo
397 633 460 673 non
474 617 569 674 hahet
582 612 775 674 Βοοοιιιιιιῗιι

93 702 215 762 Subrisi
229 698 367 776 modice,
386 697 510 777 levique
525 703 601 768 nutu
640 699 642 704 '

91 786 148 846 Me
163 802 253 863 quem
272 781 393 842 dixerat
407 799 477 842 esse
493 800 557 841 non
570 782 688 858 negavi.

91 869 179 946 „Gur
195 866 291 944 ergo“
305 867 408 945 inquit
421 866 540 943 „hahes
554 863 648 924 malas
662 863 849 924 lacernas2“

41 949 265 1032 loltespondi,
286 950 357 1028 quia
371 967 437 1008 sum
451 947 547 1007 malus
561 954 663 1027 poeta.

89 1037 162 1096 Hoc
175 1053 215 1094 ne
229 1033 350 1112 saepius
368 1031 487 1092 accidat
500 1037 629 1111 poetae,

89 1120 219 1196 Mittas,
238 1117 335 1194 Rufe,
357 1117 432 1174 mihi
447 1116 543 1175 bonas
556 1111 706 1174 lacernas.

454 1277 615 1340 LXXXIII.

89 1396 249 1469 Quantum
262 1389 395 1451 sollicito
410 1391 536 1450 fortuna
550 1392 688 1470 parentis
703 1391 851 1468 Etrusco,

136 1476 287 1553 Tantum,
309 1492 425 1534 summe
441 1472 567 1550 ducum,
589 1473 684 1552 dehet
698 1481 830 1552 uterque
843 1472 910 1534 tihi

87 1561 168 1621 Nam
182 1566 217 1619 tu
232 1561 324 1618 missa
336 1558 390 1617 tua
403 1559 556 1618 revocasti
569 1556 697 1618 fulmina
713 1556 838 1616 deutra:

134 1643 201 1703 Hos
215 1660 360 1722 cuperem
375 1660 478 1701 mores
492 1643 613 1718 ignibus
628 1659 697 1700 esse
712 1640 800 1701 lovis.

59 1728 142 1791 5Sit
158 1733 225 1804 tua,
248 1728 289 1786 sit
304 1743 437 1802 summo,
460 1726 592 1802 Caesar,
614 1731 723 1784 natura
738 1724 890 1784 Tonanti:

132 1811 248 1870 Utetur
262 1815 329 1870 toto
342 1808 471 1868 fulmine
483 1828 554 1868 rara
568 1828 684 1868 manus.
717 1873 718 1876 ,

85 1895 234 1956 Muneris
247 1893 307 1952 hoc
322 1898 486 1971 utrumque
503 1893 549 1952 tui
562 1898 695 1952 testatur
710 1891 876 1970 Etruscus,
1003 1945 1004 1952 ,

131 1979 212 2039 Esse
227 1975 309 2055 quod
324 1983 356 2036 et
371 1977 475 2034 comiti
490 1977 620 2055 contigit
637 1983 670 2036 et
684 1974 800 2036 reduci

446 2137 611 2202 LXXXIV.

82 2253 270 2330 Octaphoro
284 2272 375 2313 sanus
388 2259 547 2334 portatur,
569 2255 675 2330 Avite,
694 2250 866 2336 Philippus.

132 2335 225 2394 Hunc
238 2343 271 2395 tu
287 2339 314 2396 si
329 2356 433 2397 sanum
447 2335 568 2414 credis,
591 2337 698 2413 Avite,
719 2335 807 2419 fopis.

454 2498 605 2561 LXXXV.

78 2607 205 2673 Editur
218 2626 256 2667 eu
273 2615 377 2668 sextus
393 2612 462 2669 sine
478 2617 510 2669 te
525 2611 616 2687 mihi,
639 2609 719 2668 Rufe
735 2608 880 2686 Camoni,

131 2691 198 2751 Nec
211 2697 244 2751 te
257 2691 408 2753 lectorem
424 2700 543 2772 sperat,
565 2694 679 2772 amice,
700 2691 792 2753 liber.

78 2777 187 2854 Impia
200 2775 416 2855 Cappadocum
430 2776 524 2837 tellus
540 2784 572 2837 et
586 2777 709 2837 numine
722 2775 810 2836 laevo

131 2859 208 2921 Visa
222 2860 279 2920 tihi
295 2861 418 2920 cineres
431 2860 538 2920 reddit
553 2869 585 2920 et
600 2880 668 2920 ossa
682 2862 773 2940 patri.

50 2941 202 3010 5Funde
217 2948 271 3002 tuo
285 2940 445 3021 lacrimas,
468 2945 576 3004 orbata
589 2945 743 3020 Bononia,
765 2943 862 3019 Rufo,

129 3027 174 3086 Et
188 3034 316 3088 resonet
330 3034 397 3087 tota
410 3027 551 3107 planetus
565 3029 598 3086 in
611 3025 751 3088 Aemilia.

76 3112 159 3174 Heu
176 3107 274 3187 qualis
288 3112 407 3190 pietas,
430 3111 492 3171 heu
507 3130 596 3189 quam
612 3113 715 3172 brevis
728 3110 844 3171 occidit
858 3109 956 3170 aetas!

128 3191 263 3256 Viderat
277 3192 391 3274 Alphei
405 3196 543 3274 praemis
561 3197 666 3273 quinta
679 3195 780 3256 modo.

75 3283 224 3342 Pectore
237 3283 272 3337 tu
287 3279 416 3338 memori
429 3284 553 3338 nostros
567 3278 709 3340 evolvere
723 3277 826 3358 lusus,
895 3351 900 3359 .

29 3379 67 3431 ιο
128 3360 181 3421 Τιι
197 3358 306 3421 solitus
320 3367 419 3438 totos,
439 3362 534 3437 Rufe,
557 3368 667 3422 tenere
681 3364 783 3440 iocos,

75 3446 209 3524 Accipe
223 3464 292 3503 eum
306 3445 383 3506 fletu
397 3447 506 3505 maesti
521 3446 617 3518 breve
631 3464 753 3505 carmen
768 3445 857 3504 amici

128 3530 238 3606 Atque
253 3528 330 3587 haec
344 3531 480 3589 absentis
493 3535 564 3587 tura
577 3528 674 3589 fulsse
689 3534 771 3608 puta.

773 3608 838 3670 10*
