2478 3922
447 235 570 283 SATIRA
592 235 639 280 XI.

67 381 248 462 Despiciam,
276 379 325 455 qul
347 375 418 449 scit,
446 382 551 453 quanto
577 372 727 433 sublimior
750 372 833 432 Atlas

67 464 202 526 Omnibus
226 463 256 521 in
276 458 366 534 Libye
390 459 427 518 sit
449 457 609 532 montibus,
628 456 675 517 hic
696 467 791 517 tamen
812 454 888 516 idem

66 552 201 628 ignoret,
228 551 362 624 quantum
386 541 493 601 ferrata
518 541 603 601 distet
630 541 665 600 ab
691 557 759 600 arca

66 631 218 694 Saeculus.
251 625 276 686 Ε
302 625 388 702 cqelo
412 623 563 684 descendit
583 625 681 701 γνῶθι
706 619 837 700 σεαυτόν,

65 714 226 794 Figendum
249 719 278 769 et
302 709 422 768 memori
444 706 621 767 tractandum
645 717 786 786 pectore,
810 706 872 764 sive

66 797 237 874 Coniugium
259 809 383 873 quaeras
404 791 453 851 vel
474 792 550 851 sacri
573 790 601 849 in
622 799 704 867 purte
727 798 844 850 senatus

64 883 140 943 Esse
164 878 255 946 velis;
280 893 376 954 neque
403 876 477 934 enim
500 874 617 934 loricam
641 873 737 950 poscit
759 870 883 932 Achillis

64 965 232 1038 Thersites,
258 962 287 1019 in
313 977 370 1038 qua
396 975 429 1017 se
453 957 622 1017 traducebat
643 956 761 1030 Ulixes;

64 1049 230 1127 Ancipitem
255 1062 308 1103 seu
331 1051 360 1101 tu
387 1057 490 1118 magno
515 1041 678 1100 discrimine
702 1057 817 1101 causam

64 1135 227 1208 Protegere
250 1127 386 1206 affectas,
410 1133 440 1184 te
464 1123 603 1199 consule,
627 1123 673 1183 die
693 1123 759 1199 tibi,
783 1122 831 1201 qui
854 1121 905 1196 sis,

65 1216 172 1276 Orator
193 1210 368 1284 vehemens,
392 1226 428 1269 an
450 1205 565 1267 Curtius
588 1214 617 1266 et
642 1205 739 1266 Matho
764 1204 885 1265 buccae.

63 1297 221 1359 Noscendu
246 1303 290 1354 est
314 1308 448 1352 mensura
470 1292 514 1350 sui
537 1290 753 1370 spectandaque
776 1287 864 1348 rebus

65 1383 95 1442 ln
118 1380 235 1442 summis
258 1377 455 1454 minimisque,
478 1376 562 1434 etiam
583 1391 667 1452 quum
692 1373 781 1450 piscis
805 1380 928 1438 emetur;

65 1466 108 1524 Ne
132 1462 250 1524 mullum
273 1460 390 1539 cupias,
415 1475 500 1537 qums
523 1457 560 1516 sit
584 1455 636 1516 tibi
658 1456 748 1535 gobio
771 1464 877 1515 tantum

65 1550 96 1608 lu
122 1545 237 1610 loculis.
276 1542 348 1616 Quis
373 1543 447 1601 enim
471 1550 500 1600 te
523 1540 677 1600 deliciente
701 1557 836 1600 crumena

66 1632 101 1692 Et
124 1636 281 1691 crescente
305 1626 374 1705 gula
396 1634 493 1684 manet
516 1625 628 1700 exitus,
656 1641 726 1683 aere
748 1630 870 1702 paterno

67 1717 110 1774 hc
132 1713 224 1775 rebus
245 1711 348 1772 mersis
371 1709 400 1768 in
424 1717 570 1782 ventrem,
593 1707 705 1767 fenoris
727 1715 812 1785 atque

67 1798 191 1876 Argenti
213 1796 310 1873 gravis
334 1801 364 1853 et
386 1807 525 1870 pecorum
547 1807 740 1868 agrorumque
765 1785 923 1867 capacem?

67 1881 188 1942 Talibus
213 1896 229 1939 u
255 1877 376 1938 dominis
400 1885 468 1954 post
497 1884 598 1934 cuncta
622 1874 794 1933 novissimus
817 1873 876 1931 exit

67 1965 214 2038 hrfflulus,
239 1970 268 2021 et
290 1961 379 2038 digito
403 1959 547 2019 mendicat
571 1957 664 2018 Pollio
691 1956 777 2017 nudo.

68 2049 132 2108 Non
156 2046 332 2127 praematuri
356 2045 472 2103 cineres
494 2059 549 2101 nec
573 2041 658 2100 funus
680 2039 816 2101 acerbum

68 2132 225 2207 Luxuriae,
249 2129 303 2189 sed
327 2135 420 2186 morte
443 2125 534 2202 magis
555 2125 707 2186 metuenda
731 2131 876 2183 senectus.

69 2215 102 2274 lli
127 2214 298 2295 plerumque
320 2210 442 2288 gradus:
470 2209 611 2270 conducta
634 2208 756 2286 pecunia
776 2205 887 2266 Romae

71 2297 107 2357 Et
129 2315 228 2358 coram
252 2295 373 2356 dominis
396 2294 586 2360 consumtum
615 2292 681 2351 inde
703 2290 750 2350 ubi
772 2288 887 2367 paulum

71 2381 179 2442 Nescio
202 2379 270 2461 qnid
295 2386 429 2457 superest
451 2385 481 2437 et
500 2376 590 2454 pellet
612 2374 723 2434 teucris
745 2380 856 2444 auctor,

73 2463 127 2537 Qui
151 2474 270 2525 vertere
298 2462 407 2536 solum,
433 2461 518 2521 Baias
542 2468 571 2518 et
595 2458 630 2518 ad
652 2465 750 2518 ostrea
773 2461 897 2514 currunt.

75 2545 188 2607 Cedere
208 2563 330 2625 namque
357 2544 422 2604 loro
447 2544 503 2605 iam
524 2561 581 2603 non
607 2550 653 2603 est
675 2539 805 2601 deterius
828 2554 910 2614 quarn
1021 2545 1031 2572 ²

41 2687 45 2696 .
75 2629 219 2710 Esquilias
246 2649 262 2690 a
286 2629 412 2688 ferventi
435 2629 559 2705 migrare
585 2625 707 2687 subura.

74 2713 127 2773 llle
152 2715 236 2775 dolor
261 2714 340 2773 solus
364 2713 485 2790 patriam
506 2709 696 2787 fugientibus,
724 2706 773 2767 illa

76 2795 216 2857 llaestitia
239 2806 300 2872 est,
327 2796 457 2855 caruisse
482 2810 555 2855 anno
579 2790 758 2854 circensibus
782 2804 846 2847 uuo.

77 2881 225 2958 Sanguinis
250 2880 279 2939 in
299 2879 376 2939 facie
398 2894 456 2938 non
477 2878 579 2937 haeret
603 2884 696 2953 gutta;
723 2881 868 2954 morantur

78 2962 159 3022 Pauci
184 2963 334 3024 ridiculum
369 2971 398 3021 et
437 2960 594 3039 fugientem
620 2978 658 3020 ex
677 2957 750 3016 urbe
770 2955 921 3033 pudorem.

115 3046 277 3126 Experiere
298 3045 402 3120 hodie,
429 3044 563 3122 numquid
586 3041 779 3122 pulcherrima
801 3038 887 3111 dictu,

79 3128 208 3206 Persice,
234 3147 291 3189 non
312 3137 459 3207 praestem
483 3129 540 3186 vita
562 3127 610 3186 vel
633 3123 762 3184 moribus
787 3130 817 3181 et
837 3138 882 3196 re,

79 3213 133 3272 Sed
155 3214 270 3274 laudem
294 3211 414 3292 siliquas
435 3210 568 3271 occultus
589 3225 703 3287 ganeo,
727 3207 824 3284 pultes

80 3292 179 3357 Corum
205 3297 269 3357 aliis
294 3295 401 3356 dictem
426 3311 535 3374 puero,
560 3294 613 3353 sed
637 3293 665 3352 in
688 3308 758 3351 aure
781 3289 941 3368 placentas.
998 3337 1004 3346 .

80 3375 144 3438 Nam
168 3399 255 3459 1th
275 3381 315 3439 sis
338 3380 460 3438 conviva
483 3378 550 3437 mihi
572 3377 749 3455 promissus,
772 3368 896 3432 habebis

82 3459 254 3539 Evandrum,
279 3463 380 3522 venies
403 3461 568 3538 Tirynthius
592 3467 640 3520 aut
664 3459 757 3516 minor
777 3453 828 3513 illo
