2500 3912
289 239 293 245 -
403 215 529 264 sarran
551 218 597 264 vr.
990 207 1028 268 29

67 360 224 420 Contentum
245 369 338 419 tamen
361 366 390 417 et
411 365 527 437 pactum
550 365 579 416 et
601 356 746 434 sponsalia
769 368 867 420 nostra
941 425 945 430 ,
996 372 1030 424 25

65 445 229 524 Tempestate
250 461 346 523 paras,
368 443 483 520 iamque
506 459 522 500 a
540 449 659 501 tonsore
682 443 822 520 magistro

66 531 174 588 Pectoris
192 535 226 587 et
247 527 336 605 digito
359 528 463 604 pignus
484 525 611 585 fortasse
633 524 752 587 dedisti:

66 610 150 690 [Certe
169 630 252 673 sanus
274 607 360 671 eras?
383 627 522 686 uxorem,
546 609 697 686 Postume,
721 608 835 689 ducisil

64 696 121 771 llic,
143 715 194 776 qua
215 695 387 775 Tisiphone,
412 693 515 774 quibus
538 696 687 772 exagitare
709 693 858 754 colubris?

65 779 140 840 Ferre
159 789 241 858 potes
264 780 406 840 dominam
429 777 519 838 salvis
541 785 584 837 tot
606 779 733 838 restibus
756 779 854 855 ullam,

65 864 141 941 Quum
159 873 273 945 pateant
296 864 373 925 altae
396 863 616 940 caligantesque
639 863 798 938 fenestrae,

64 946 141 1017 Quum
161 948 210 1007 tihi
230 949 354 1008 vicinum
376 967 409 1006 se
432 946 574 1026 praebeat
595 947 737 1006 Aemilius
759 945 856 1024 pons?

64 1031 109 1090 dut
127 1033 148 1091 si
168 1032 201 1092 de
224 1032 320 1094 multis
343 1033 439 1092 nullus
463 1031 563 1109 placet
586 1033 697 1108 exitus,
720 1031 792 1090 illud

63 1114 148 1175 Nonne
168 1126 249 1195 putas
272 1116 393 1193 melius,
417 1115 495 1193 qnod
517 1123 613 1174 tecum
635 1115 720 1192 pusio
743 1116 857 1192 dormit,

63 1197 144 1278 l'usio,
166 1203 211 1279 qui
233 1211 320 1261 noctu
341 1217 399 1260 non
422 1200 532 1276 litigat,
557 1200 648 1276 exigit
671 1217 686 1258 a
709 1208 737 1258 te

62 1281 133 1344 Nulla
153 1286 246 1344 iacens
270 1285 350 1345 hillis
372 1283 557 1360 munuscula,
581 1302 637 1342 nec
656 1285 801 1361 queritur,
826 1285 903 1364 quod

62 1365 90 1424 Et
110 1368 184 1426 lateri
206 1387 311 1448 parcas
333 1387 389 1430 nec
411 1376 546 1447 quantum
568 1369 651 1428 iussit
674 1367 815 1428 anheles?

62 1452 109 1510 Sed
129 1452 220 1530 placet
239 1453 358 1513 Ursidio
380 1453 430 1513 lex
452 1451 540 1512 lulla:
566 1452 673 1512 tollere
696 1452 810 1512 dulcem

63 1531 161 1610 Cogitat
181 1537 336 1614 heredem,
362 1538 504 1597 cariturus
526 1545 635 1596 turture
657 1553 761 1614 magno

61 1616 251 1701 llullorumque
274 1621 350 1681 iubis
374 1629 403 1681 et
426 1629 577 1699 captatore
599 1621 734 1681 macello.

62 1701 121 1772 Quid
143 1705 200 1766 lieri
223 1723 282 1766 non
305 1723 396 1784 posse
418 1715 521 1784 putee,
544 1706 569 1764 si
592 1707 719 1783 iungitur
740 1705 800 1767 ulla

62 1783 177 1848 Ursidio?
199 1791 222 1850 si
243 1789 435 1850 moechorum
457 1791 622 1848 notissimus
646 1789 713 1850 olim

62 1871 139 1930 Stulta
160 1876 282 1935 maritali
304 1875 358 1935 iam
382 1875 508 1953 porrigit
530 1891 581 1934 ora
607 1876 746 1952 capistro,

62 1952 138 2024 Quem
158 1959 241 2018 toties
263 1960 339 2018 texit
362 1959 483 2037 perituri
506 1960 578 2018 cista
599 1955 711 2018 Latini?

61 2035 122 2108 Quid
142 2043 215 2120 quod
238 2051 268 2102 et
292 2043 415 2126 antiquis
437 2059 512 2100 uxor
532 2043 568 2102 de
590 2041 717 2102 moribus
740 2042 781 2103 illi

61 2119 214 2192 Quaeritur?
241 2145 258 2186 o
283 2127 406 2203 medici,
430 2128 542 2186 nimiam
563 2126 727 2205 pertundite
748 2127 866 2188 venam!

60 2203 168 2268 llelicias
189 2209 326 2272 hominis!
352 2209 506 2288 Tarpeium
528 2211 614 2270 limen
637 2211 726 2272 adora

61 2285 153 2350 Pronus
174 2303 202 2354 et
222 2303 353 2355 auratam
374 2294 475 2355 lunoni
499 2296 591 2354 caede
613 2297 775 2368 iuvencam,

60 2371 84 2430 Si
104 2374 147 2434 tibi
169 2380 324 2457 contigerit
347 2379 450 2458 capitis
473 2388 602 2438 matrona
627 2379 733 2456 pudici.

60 2454 155 2518 lancae
177 2463 250 2522 adeo
276 2461 393 2523 Cereris
413 2465 498 2523 vittas
521 2464 691 2540 contingere
714 2459 829 2538 dignae,

61 2536 167 2610 Quarum
188 2563 244 2606 non
266 2547 367 2608 timeat
387 2557 472 2627 pater
495 2546 604 2607 oscula.
650 2545 743 2607 Necte
768 2563 904 2607 coronam

60 2620 175 2688 Postibus
197 2640 226 2692 et
248 2632 358 2693 densos
380 2650 435 2711 per
457 2632 551 2692 limina
574 2632 660 2692 tende
684 2631 854 2708 corymbos!

60 2704 125 2767 Unus
144 2711 297 2778 Hiberinae
319 2717 364 2776 vir
386 2713 512 2776 suflicit?
539 2718 621 2776 ocius
642 2717 713 2778 illud

61 2787 253 2876 Extorquebis,
277 2809 308 2859 nt
331 2800 406 2861 haec
429 2801 516 2861 oculo
538 2809 672 2862 contenta
696 2803 733 2862 sit
755 2818 822 2860 uno.

61 2871 147 2952 Magna
167 2891 260 2943 tamen
281 2884 357 2944 fama
380 2893 425 2943 cst
449 2885 596 2945 cuiusdam
617 2904 684 2945 rure
707 2893 829 2963 paterno
928 2893 930 2898 ’

62 2953 193 3024 Viventis?
214 2969 292 3029 vivat
317 2966 434 3041 Gabiis,
460 2978 490 3028 ut
511 2970 583 3028 vixit
605 2970 632 3028 in
654 2986 737 3046 agro,

62 3037 132 3139 Vivat
151 3047 281 3126 Fidenis,
305 3061 335 3112 et
357 3053 456 3130 agello
480 3052 554 3113 cedo
576 3061 710 3131 paterno.

65 3120 121 3194 Qun
140 3140 231 3195 tamen
253 3136 393 3211 affirmat,
416 3137 455 3196 nil
479 3146 572 3196 actum
593 3138 621 3196 in
643 3135 786 3197 montibus
809 3146 857 3196 aut
876 3138 904 3196 in

65 3207 217 3284 Speluncis?
239 3220 315 3280 adeo
338 3230 498 3281 senuerunt
522 3220 653 3300 luppiter
678 3231 707 3282 et
729 3219 827 3281 lilars?

88 3292 283 3389 'Porticibusne
308 3305 359 3365 tibi
379 3313 555 3366 monstratur
576 3306 681 3366 lemina
705 3315 774 3366 voto
997 3312 1032 3364 60

65 3371 141 3452 Digna
159 3383 228 3446 tuo?
254 3389 352 3450 cuneis
376 3407 411 3450 au
434 3387 541 3450 habent
565 3389 735 3470 spectacula
758 3390 827 3448 totis

66 3455 134 3526 Quod
153 3485 271 3532 securus
293 3491 387 3552 annes,
413 3473 550 3555 quodque
572 3474 638 3534 inde
661 3489 825 3550 excerpere
849 3465 966 3548 possis?
