2392 3888
116 218 178 283 196
442 220 485 279 Μ.
501 215 593 284 vat.
608 219 834 282 MARTIALIs

558 422 722 486 LXXVIII.

201 540 284 615 Quos
300 541 430 615 cuperet
444 534 617 612 Phlegraea
632 553 703 594 suos
717 537 847 595 victoria
860 535 971 616 ludos,

241 621 346 683 Indica
361 638 437 699 quos
453 624 582 698 cuperet
596 637 723 698 pompa,
745 619 863 697 Lyaeos,
888 630 976 699 tuos,

197 708 290 767 Fecit
304 705 504 784 llyperborei
521 700 698 763 celebrator
712 702 813 763 Stella
826 706 999 802 triumppi‚

242 792 269 851 0
285 788 402 870 pudor!
424 787 572 866 opietas!
594 794 628 846 et
642 793 732 865 putat
748 806 818 847 esse
833 807 953 868 parum.

177 876 270 937 5Nou
285 871 333 932 illi
349 874 423 931 satis
443 878 493 930 est
506 873 630 930 turbato
646 869 790 931 sordidus
805 891 880 931 auro

240 959 375 1018 Hermus
390 963 424 1014 et
437 955 593 1034 Hesperio
609 955 661 1033 qui
676 963 765 1014 sonet
779 957 855 1015 orbe
873 956 990 1035 Tagus.
1061 965 1068 978 ·

200 1045 307 1104 Omnis
321 1041 417 1100 habet
431 1059 485 1099 sus
501 1037 581 1098 dona
596 1038 682 1112 dies;
703 1045 762 1099 nec
775 1037 859 1100 liuea
876 1039 963 1101 diues

242 1130 369 1200 Cessat,
393 1131 426 1183 et
440 1125 473 1182 in
487 1121 633 1201 populum
649 1122 744 1181 multa
758 1125 865 1203 rapina
880 1124 973 1186 eadit.

199 1212 285 1271 Nunc
300 1209 428 1268 veniunt
444 1207 554 1267 subitis
569 1205 680 1265 lasciva
694 1209 874 1268 nomismata
890 1211 1026 1290 nimbis,

156 1306 190 1358 10
238 1295 325 1354 Nunc
341 1290 394 1350 dat
409 1297 563 1371 spectatas
578 1298 697 1349 tessera
710 1289 797 1369 larga
808 1291 908 1368 ieras,

199 1381 285 1439 Nunc
299 1373 432 1456 implere
447 1376 531 1434 sinus
546 1393 672 1434 securos
687 1374 801 1452 gaudet
815 1383 848 1434 et
861 1378 975 1436 absens

227 1463 380 1523 'Sortitur
398 1456 555 1534 dominos,
578 1477 618 1517 ne
635 1456 809 1535 laceretur,
831 1461 902 1519 avis.
960 1495 964 1504 ι

200 1546 281 1624 Quid
294 1563 454 1606 numerem
471 1562 580 1611 currus
595 1551 645 1602 ter
659 1541 801 1620 denaque
816 1546 954 1623 praemia
969 1547 1114 1630 palmae,

241 1632 326 1707 Quae
342 1629 417 1689 dare
432 1647 494 1687 non
509 1645 633 1707 semper
648 1625 756 1685 consul
771 1634 903 1706 uterque
920 1629 1033 1692 soleti

157 1712 392 1789 retinuisset,
415 1713 544 1787 Caesar,
564 1717 651 1771 tauto
666 1725 851 1789 superantur
863 1712 1007 1792 honore,

241 1798 330 1875 Quod
346 1803 553 1877 spectatorem
570 1802 603 1855 te
617 1803 670 1854 tus
682 1792 786 1854 laurus
801 1797 902 1858 habet.

565 1921 702 1983 LXXIX.

201 2025 316 2084 Omnes
331 2029 384 2081 aut
398 2017 518 2080 vetulas
534 2021 630 2089 habes
646 2021 773 2097 amicm,

197 2111 259 2167 Ant
275 2115 382 2186 turpes
395 2106 571 2183 vetulisque
588 2103 755 2164 foediores.

196 2193 261 2252 Has
277 2190 363 2250 ducis
378 2190 506 2249 comites
523 2189 682 2266 trahisque
698 2195 799 2248 tecum

197 2277 260 2336 Per
276 2275 427 2351 convivia,
450 2273 605 2352 porticus,
627 2274 758 2334 theatra.

198 2361 250 2420 Sic
264 2360 416 2435 formosa,
436 2353 582 2430 Fabulla,
604 2358 648 2415 sic
663 2354 767 2436 puella
781 2375 823 2416 es.

571 2482 691 2542 LXXX.

199 2583 380 2643 Sanctorum
398 2583 487 2641 uobis
503 2579 651 2641 miracula
666 2581 773 2642 reddis
788 2601 928 2660 acorum,

241 2667 304 2726 Noc
319 2667 453 2745 parterm,
477 2666 608 2741 Caesar,
631 2664 752 2725 saecula
768 2685 843 2724 cana
856 2669 953 2745 mori,

138 2820 142 2830 ¹
198 2753 275 2811 Cum
290 2760 415 2810 veteres
429 2749 537 2810 Latiae
555 2750 633 2808 ritus
648 2757 836 2809 renovantur
849 2751 990 2810 harenae

239 2836 280 2893 Et
295 2842 413 2913 pugnet
428 2835 524 2892 virtus
540 2830 730 2911 simplIciore
745 2853 844 2893 manu.

199 2918 250 2977 Sic
264 2919 377 2997 priscis
393 2906 531 2978 sdrsstus
545 2918 644 2976 honos
661 2925 692 2976 te
708 2915 852 2996 praeside
865 2916 1015 2998 templis,

241 3003 281 3060 lit
297 3020 366 3060 casa
384 3010 445 3061 tam
460 3000 544 3060 culto
561 3002 616 3059 sub
631 3001 701 3059 Iove
716 3019 829 3059 numen
846 3003 958 3075 habet3

200 3085 252 3144 Sic
268 3104 347 3143 uovu
361 3084 433 3145 dum
449 3085 576 3162 condis,
598 3103 742 3160 revocas,
765 3085 921 3163 Auguste,
941 3087 1074 3165 pulcra:

240 3169 402 3229 Debentur
419 3181 497 3248 quae
512 3175 584 3228 suut
603 3187 743 3246 quaeque
759 3169 851 3228 fuere
865 3169 932 3228 tibi.

565 3278 701 3342 LXXXI.
732 3331 736 3338 .

198 3375 266 3435 Non
283 3393 341 3454 per
355 3377 483 3452 mystica
498 3394 584 3433 sacra
598 3375 825 3454 Dindymenes,
860 3399 862 3402 ·

197 3459 263 3516 Nec
274 3475 332 3536 per
346 3457 482 3516 Niliacae
498 3459 606 3516 bovem
620 3459 784 3537 iuvencae,
