<?xml version="1.0" encoding="UTF-8"?>
<!DOCTYPE html PUBLIC "-//W3C//DTD XHTML 1.0 Transitional//EN"
    "http://www.w3.org/TR/xhtml1/DTD/xhtml1-transitional.dtd">
<html xmlns="http://www.w3.org/1999/xhtml" xml:lang="en" lang="en">
 <head>
  <title>
</title>
<meta http-equiv="Content-Type" content="text/html;charset=utf-8" />
  <meta name='ocr-system' content='tesseract 3.04.00' />
  <meta name='ocr-capabilities' content='ocr_page ocr_carea ocr_par ocr_line ocrx_word'/>
</head>
<body>
  <div class='ocr_page' id='page_1' title='image "./diuniiiuvenalis02juvegoog_0212.png"; bbox 0 0 2426 3900; ppageno 0'>
   <div class='ocr_carea' id='block_1_1' title="bbox 315 203 866 278">
    <p class='ocr_par' dir='ltr' id='par_1_1' title="bbox 315 203 866 278">
     <span class='ocr_line' id='line_1_1' title="bbox 315 203 866 278; baseline 0 -2"><span class='ocrx_word' id='word_1_1' title='bbox 315 213 781 278; x_wconf 69' lang='lat' dir='ltr'><strong>EP1GRAMMA&#39;1&#39;0NL18.1.</strong></span> <span class='ocrx_word' id='word_1_2' title='bbox 862 203 866 214; x_wconf 46' lang='lat'>¹</span> 
     </span>
    </p>
   </div>
   <div class='ocr_carea' id='block_1_2' title="bbox 113 327 660 448">
    <p class='ocr_par' dir='ltr' id='par_1_2' title="bbox 113 327 660 448">
     <span class='ocr_line' id='line_1_2' title="bbox 113 327 660 448; baseline -0.007 -18"><span class='ocrx_word' id='word_1_3' title='bbox 113 372 274 448; x_wconf 75' lang='lat' dir='ltr'><strong>Argeum,</strong></span> <span class='ocrx_word' id='word_1_4' title='bbox 295 369 383 446; x_wconf 81' lang='lat' dir='ltr'><strong>nive,</strong></span> <span class='ocrx_word' id='word_1_5' title='bbox 404 327 491 444; x_wconf 81' lang='lat' dir='ltr'><strong>lilio,</strong></span> <span class='ocrx_word' id='word_1_6' title='bbox 513 367 660 445; x_wconf 83' lang='lat' dir='ltr'><strong>ligustro:</strong></span> 
     </span>
    </p>
   </div>
   <div class='ocr_carea' id='block_1_3' title="bbox 91 450 738 781">
    <p class='ocr_par' dir='ltr' id='par_1_3' title="bbox 91 450 738 781">
     <span class='ocr_line' id='line_1_3' title="bbox 112 450 738 533; baseline -0.003 -19"><span class='ocrx_word' id='word_1_7' title='bbox 112 453 178 514; x_wconf 87' lang='lat' dir='ltr'><strong>Sed</strong></span> <span class='ocrx_word' id='word_1_8' title='bbox 193 450 344 533; x_wconf 87' lang='lat' dir='ltr'><strong>quandam</strong></span> <span class='ocrx_word' id='word_1_9' title='bbox 359 450 428 511; x_wconf 83' lang='lat' dir='ltr'><strong>volo</strong></span> <span class='ocrx_word' id='word_1_10' title='bbox 443 457 535 510; x_wconf 87' lang='lat' dir='ltr'><strong>nocte</strong></span> <span class='ocrx_word' id='word_1_11' title='bbox 552 452 738 529; x_wconf 84' lang='lat' dir='ltr'><strong>nigriorem,</strong></span> 
     </span>
     <span class='ocr_line' id='line_1_4' title="bbox 91 533 683 616; baseline -0.007 -17"><span class='ocrx_word' id='word_1_12' title='bbox 91 537 279 615; x_wconf 83' lang='lat' dir='ltr'><strong>5Formica,</strong></span> <span class='ocrx_word' id='word_1_13' title='bbox 300 537 389 616; x_wconf 83' lang='lat' dir='ltr'>pice,</span> <span class='ocrx_word' id='word_1_14' title='bbox 412 533 552 614; x_wconf 80' lang='lat' dir='ltr'><strong>graculo,</strong></span> <span class='ocrx_word' id='word_1_15' title='bbox 571 534 683 596; x_wconf 80' lang='lat' dir='ltr'><strong>cicada,</strong></span> 
     </span>
     <span class='ocr_line' id='line_1_5' title="bbox 111 619 643 700; baseline -0.009 -19"><span class='ocrx_word' id='word_1_16' title='bbox 111 622 175 681; x_wconf 89' lang='lat' dir='ltr'><strong>Iam</strong></span> <span class='ocrx_word' id='word_1_17' title='bbox 189 619 354 700; x_wconf 86' lang='lat' dir='ltr'><strong>suspendia</strong></span> <span class='ocrx_word' id='word_1_18' title='bbox 368 638 458 679; x_wconf 85' lang='lat' dir='ltr'><strong>saeva</strong></span> <span class='ocrx_word' id='word_1_19' title='bbox 472 619 643 696; x_wconf 80' lang='lat' dir='ltr'><strong>cogitabas:</strong></span> 
     </span>
     <span class='ocr_line' id='line_1_6' title="bbox 111 701 683 781; baseline -0.003 -17"><span class='ocrx_word' id='word_1_20' title='bbox 111 705 234 765; x_wconf 78' lang='lat' dir='ltr'><strong>Sinoni</strong></span> <span class='ocrx_word' id='word_1_21' title='bbox 249 705 328 764; x_wconf 85' lang='lat' dir='ltr'><strong>bene</strong></span> <span class='ocrx_word' id='word_1_22' title='bbox 346 710 395 781; x_wconf 83' lang='lat' dir='ltr'><strong>te,</strong></span> <span class='ocrx_word' id='word_1_23' title='bbox 416 701 569 780; x_wconf 87' lang='lat' dir='ltr'><strong>Procille,</strong></span> <span class='ocrx_word' id='word_1_24' title='bbox 591 704 683 764; x_wconf 86' lang='lat' dir='ltr'><strong>vives.</strong></span> 
     </span>
    </p>
   </div>
   <div class='ocr_carea' id='block_1_4' title="bbox 497 834 602 898">
    <p class='ocr_par' dir='ltr' id='par_1_4' title="bbox 497 834 602 898">
     <span class='ocr_line' id='line_1_7' title="bbox 497 834 602 898; baseline -0.01 -3"><span class='ocrx_word' id='word_1_25' title='bbox 497 834 602 898; x_wconf 82' lang='lat' dir='ltr'><strong>cxvi.</strong></span> 
     </span>
    </p>
   </div>
   <div class='ocr_carea' id='block_1_5' title="bbox 86 948 986 1458">
    <p class='ocr_par' dir='ltr' id='par_1_5' title="bbox 86 948 986 1458">
     <span class='ocr_line' id='line_1_8' title="bbox 110 948 873 1010; baseline 0 -2"><span class='ocrx_word' id='word_1_26' title='bbox 110 950 181 1009; x_wconf 86' lang='lat' dir='ltr'><strong>Hoc</strong></span> <span class='ocrx_word' id='word_1_27' title='bbox 196 967 303 1008; x_wconf 86' lang='lat' dir='ltr'><strong>nemus</strong></span> <span class='ocrx_word' id='word_1_28' title='bbox 320 955 447 1008; x_wconf 85' lang='lat' dir='ltr'><strong>aeterno</strong></span> <span class='ocrx_word' id='word_1_29' title='bbox 463 951 601 1009; x_wconf 86' lang='lat' dir='ltr'><strong>cinerum</strong></span> <span class='ocrx_word' id='word_1_30' title='bbox 616 951 748 1010; x_wconf 83' lang='lat' dir='ltr'><strong>sacravit</strong></span> <span class='ocrx_word' id='word_1_31' title='bbox 762 948 873 1008; x_wconf 87' lang='lat' dir='ltr'><strong>honori</strong></span> 
     </span>
     <span class='ocr_line' id='line_1_9' title="bbox 155 1029 778 1112; baseline 0 -20"><span class='ocrx_word' id='word_1_32' title='bbox 155 1033 289 1093; x_wconf 85' lang='lat' dir='ltr'><strong>Faenius</strong></span> <span class='ocrx_word' id='word_1_33' title='bbox 307 1039 339 1092; x_wconf 92' lang='lat' dir='ltr'><strong>et</strong></span> <span class='ocrx_word' id='word_1_34' title='bbox 355 1031 430 1092; x_wconf 91' lang='lat' dir='ltr'><strong>culti</strong></span> <span class='ocrx_word' id='word_1_35' title='bbox 444 1035 550 1111; x_wconf 83' lang='lat' dir='ltr'><strong>iugera</strong></span> <span class='ocrx_word' id='word_1_36' title='bbox 564 1031 695 1112; x_wconf 88' lang='lat' dir='ltr'><strong>pulchra</strong></span> <span class='ocrx_word' id='word_1_37' title='bbox 710 1029 778 1092; x_wconf 88' lang='lat' dir='ltr'><strong>soli.</strong></span> 
     </span>
     <span class='ocr_line' id='line_1_10' title="bbox 112 1113 884 1196; baseline 0 -20"><span class='ocrx_word' id='word_1_38' title='bbox 112 1117 181 1176; x_wconf 91' lang='lat' dir='ltr'><strong>lloo</strong></span> <span class='ocrx_word' id='word_1_39' title='bbox 196 1119 311 1195; x_wconf 82' lang='lat' dir='ltr'><strong>tegitur</strong></span> <span class='ocrx_word' id='word_1_40' title='bbox 326 1117 388 1176; x_wconf 93' lang='lat' dir='ltr'><strong>cito</strong></span> <span class='ocrx_word' id='word_1_41' title='bbox 403 1123 491 1196; x_wconf 83' lang='lat' dir='ltr'><strong>rapta</strong></span> <span class='ocrx_word' id='word_1_42' title='bbox 505 1117 567 1176; x_wconf 86' lang='lat' dir='ltr'><strong>suis</strong></span> <span class='ocrx_word' id='word_1_43' title='bbox 582 1113 711 1176; x_wconf 81' lang='lat' dir='ltr'><strong>Antulla</strong></span> <span class='ocrx_word' id='word_1_44' title='bbox 723 1113 884 1196; x_wconf 90' lang='lat' dir='ltr'><strong>sepulcro,</strong></span> 
     </span>
     <span class='ocr_line' id='line_1_11' title="bbox 155 1198 873 1280; baseline 0.004 -21"><span class='ocrx_word' id='word_1_45' title='bbox 155 1199 223 1260; x_wconf 87' lang='lat' dir='ltr'><strong>Hoc</strong></span> <span class='ocrx_word' id='word_1_46' title='bbox 238 1201 300 1260; x_wconf 88' lang='lat' dir='ltr'><strong>erit</strong></span> <span class='ocrx_word' id='word_1_47' title='bbox 313 1198 461 1260; x_wconf 84' lang='lat' dir='ltr'><strong>Antullae</strong></span> <span class='ocrx_word' id='word_1_48' title='bbox 477 1201 588 1259; x_wconf 79' lang='lat' dir='ltr'><strong>mixtus</strong></span> <span class='ocrx_word' id='word_1_49' title='bbox 603 1204 736 1280; x_wconf 83' lang='lat' dir='ltr'><strong>uterque</strong></span> <span class='ocrx_word' id='word_1_50' title='bbox 750 1219 873 1280; x_wconf 86' lang='lat' dir='ltr'><strong>parens.</strong></span> 
     </span>
     <span class='ocr_line' id='line_1_12' title="bbox 86 1281 986 1365; baseline -0.001 -20"><span class='ocrx_word' id='word_1_51' title='bbox 86 1283 149 1345; x_wconf 71' lang='lat' dir='ltr'><strong>asi</strong></span> <span class='ocrx_word' id='word_1_52' title='bbox 164 1284 249 1364; x_wconf 90' lang='lat' dir='ltr'><strong>cupit</strong></span> <span class='ocrx_word' id='word_1_53' title='bbox 262 1285 343 1345; x_wconf 88' lang='lat' dir='ltr'><strong>hunc</strong></span> <span class='ocrx_word' id='word_1_54' title='bbox 358 1282 487 1363; x_wconf 85' lang='lat' dir='ltr'><strong>aliquis,</strong></span> <span class='ocrx_word' id='word_1_55' title='bbox 508 1303 634 1362; x_wconf 87' lang='lat' dir='ltr'><strong>moneo,</strong></span> <span class='ocrx_word' id='word_1_56' title='bbox 656 1303 696 1344; x_wconf 91' lang='lat' dir='ltr'><strong>ne</strong></span> <span class='ocrx_word' id='word_1_57' title='bbox 712 1289 819 1365; x_wconf 82' lang='lat' dir='ltr'><strong>speret</strong></span> <span class='ocrx_word' id='word_1_58' title='bbox 835 1281 986 1364; x_wconf 78' lang='lat' dir='ltr'><strong>agellum:</strong></span> 
     </span>
     <span class='ocr_line' id='line_1_13' title="bbox 153 1367 750 1458; baseline -0.002 -31"><span class='ocrx_word' id='word_1_59' title='bbox 153 1368 310 1448; x_wconf 88' lang='lat' dir='ltr'><strong>Perpetuo</strong></span> <span class='ocrx_word' id='word_1_60' title='bbox 327 1367 458 1428; x_wconf 82' lang='lat' dir='ltr'><strong>dominis</strong></span> <span class='ocrx_word' id='word_1_61' title='bbox 473 1367 589 1458; x_wconf 64' lang='lat' dir='ltr'><strong>seruiet</strong></span> <span class='ocrx_word' id='word_1_62' title='bbox 603 1369 663 1428; x_wconf 88' lang='lat' dir='ltr'><strong>iste</strong></span> <span class='ocrx_word' id='word_1_63' title='bbox 679 1371 750 1429; x_wconf 84' lang='lat' dir='ltr'><strong>auis.</strong></span> 
     </span>
    </p>
   </div>
   <div class='ocr_carea' id='block_1_6' title="bbox 487 1515 605 1578">
    <p class='ocr_par' dir='ltr' id='par_1_6' title="bbox 487 1515 605 1578">
     <span class='ocr_line' id='line_1_14' title="bbox 487 1515 605 1578; baseline 0.008 -3"><span class='ocrx_word' id='word_1_64' title='bbox 487 1515 605 1578; x_wconf 79' lang='lat' dir='ltr'><strong>cxvii.</strong></span> 
     </span>
    </p>
   </div>
   <div class='ocr_carea' id='block_1_7' title="bbox 60 1627 933 3133">
    <p class='ocr_par' dir='ltr' id='par_1_7' title="bbox 60 1627 933 3133">
     <span class='ocr_line' id='line_1_15' title="bbox 109 1627 744 1708; baseline 0.003 -22"><span class='ocrx_word' id='word_1_65' title='bbox 109 1627 257 1688; x_wconf 81' lang='lat' dir='ltr'><strong>Occurris</strong></span> <span class='ocrx_word' id='word_1_66' title='bbox 275 1631 434 1708; x_wconf 83' lang='lat' dir='ltr'><strong>quotiens,</strong></span> <span class='ocrx_word' id='word_1_67' title='bbox 455 1628 616 1708; x_wconf 88' lang='lat' dir='ltr'><strong>Luperee‚</strong></span> <span class='ocrx_word' id='word_1_68' title='bbox 638 1631 744 1690; x_wconf 85' lang='lat' dir='ltr'><strong>nobis:</strong></span> 
     </span>
     <span class='ocr_line' id='line_1_16' title="bbox 110 1711 741 1792; baseline -0.002 -18"><span class='ocrx_word' id='word_1_69' title='bbox 110 1712 189 1789; x_wconf 86' lang='lat' dir='ltr'><strong>„Vis</strong></span> <span class='ocrx_word' id='word_1_70' title='bbox 204 1713 322 1772; x_wconf 89' lang='lat' dir='ltr'><strong>mittam</strong></span> <span class='ocrx_word' id='word_1_71' title='bbox 335 1712 486 1792; x_wconf 85' lang='lat' dir='ltr'><strong>puerum“</strong></span> <span class='ocrx_word' id='word_1_72' title='bbox 502 1712 633 1772; x_wconf 84' lang='lat' dir='ltr'><strong>subinde</strong></span> <span class='ocrx_word' id='word_1_73' title='bbox 648 1711 741 1790; x_wconf 83' lang='lat' dir='ltr'><strong>dieis,</strong></span> 
     </span>
     <span class='ocr_line' id='line_1_17' title="bbox 107 1794 745 1875; baseline 0.002 -20"><span class='ocrx_word' id='word_1_74' title='bbox 107 1795 192 1872; x_wconf 81' lang='lat' dir='ltr'><strong>„Cui</strong></span> <span class='ocrx_word' id='word_1_75' title='bbox 207 1794 310 1855; x_wconf 76' lang='lat' dir='ltr'><strong>tradas</strong></span> <span class='ocrx_word' id='word_1_76' title='bbox 326 1797 567 1875; x_wconf 78' lang='lat' dir='ltr'><strong>epigrammaton</strong></span> <span class='ocrx_word' id='word_1_77' title='bbox 585 1794 745 1874; x_wconf 84' lang='lat' dir='ltr'><strong>libellum,</strong></span> 
     </span>
     <span class='ocr_line' id='line_1_18' title="bbox 110 1878 790 1958; baseline 0.003 -20"><span class='ocrx_word' id='word_1_78' title='bbox 110 1878 240 1939; x_wconf 81' lang='lat' dir='ltr'><strong>Lectum</strong></span> <span class='ocrx_word' id='word_1_79' title='bbox 256 1898 347 1958; x_wconf 86' lang='lat' dir='ltr'><strong>quem</strong></span> <span class='ocrx_word' id='word_1_80' title='bbox 361 1880 419 1939; x_wconf 88' lang='lat' dir='ltr'><strong>tibi</strong></span> <span class='ocrx_word' id='word_1_81' title='bbox 432 1882 573 1958; x_wconf 82' lang='lat' dir='ltr'><strong>protinus</strong></span> <span class='ocrx_word' id='word_1_82' title='bbox 589 1881 790 1943; x_wconf 63' lang='grc' dir='ltr'><strong>ιειιιίίίιιιιιὶιιι</strong></span> 
     </span>
     <span class='ocr_line' id='line_1_19' title="bbox 82 1961 828 2044; baseline 0.003 -21"><span class='ocrx_word' id='word_1_83' title='bbox 82 1974 105 2024; x_wconf 58' lang='grc' dir='ltr'><strong>7ὁ</strong></span> <span class='ocrx_word' id='word_1_84' title='bbox 114 1961 183 2022; x_wconf 88' lang='grc' dir='ltr'><strong>Νοιι</strong></span> <span class='ocrx_word' id='word_1_85' title='bbox 201 1969 250 2022; x_wconf 84' lang='lat' dir='ltr'><strong>eat</strong></span> <span class='ocrx_word' id='word_1_86' title='bbox 266 1962 348 2042; x_wconf 89' lang='lat' dir='ltr'><strong>quod</strong></span> <span class='ocrx_word' id='word_1_87' title='bbox 362 1981 508 2042; x_wconf 85' lang='lat' dir='ltr'><strong>puerum,</strong></span> <span class='ocrx_word' id='word_1_88' title='bbox 529 1963 688 2044; x_wconf 89' lang='lat' dir='ltr'><strong>Luperee‚</strong></span> <span class='ocrx_word' id='word_1_89' title='bbox 709 1983 828 2029; x_wconf 84' lang='lat' dir='ltr'><strong>vexes.-</strong></span> 
     </span>
     <span class='ocr_line' id='line_1_20' title="bbox 109 2045 785 2126; baseline 0.006 -22"><span class='ocrx_word' id='word_1_90' title='bbox 109 2046 248 2124; x_wconf 82' lang='lat' dir='ltr'><strong>Longnm</strong></span> <span class='ocrx_word' id='word_1_91' title='bbox 264 2053 329 2124; x_wconf 82' lang='lat' dir='ltr'><strong>est,</strong></span> <span class='ocrx_word' id='word_1_92' title='bbox 353 2047 379 2107; x_wconf 91' lang='lat' dir='ltr'><strong>si</strong></span> <span class='ocrx_word' id='word_1_93' title='bbox 394 2045 469 2106; x_wconf 84' lang='lat' dir='ltr'><strong>velit</strong></span> <span class='ocrx_word' id='word_1_94' title='bbox 484 2046 522 2106; x_wconf 88' lang='lat' dir='ltr'><strong>ad</strong></span> <span class='ocrx_word' id='word_1_95' title='bbox 539 2048 644 2107; x_wconf 91' lang='lat' dir='ltr'><strong>Pirum</strong></span> <span class='ocrx_word' id='word_1_96' title='bbox 660 2051 785 2126; x_wconf 86' lang='lat' dir='ltr'><strong>venire,</strong></span> 
     </span>
     <span class='ocr_line' id='line_1_21' title="bbox 109 2128 683 2208; baseline 0.003 -19"><span class='ocrx_word' id='word_1_97' title='bbox 109 2131 151 2189; x_wconf 76' lang='lat' dir='ltr'><strong>ut</strong></span> <span class='ocrx_word' id='word_1_98' title='bbox 167 2128 258 2190; x_wconf 87' lang='lat' dir='ltr'><strong>scalis</strong></span> <span class='ocrx_word' id='word_1_99' title='bbox 273 2131 377 2190; x_wconf 84' lang='lat' dir='ltr'><strong>habito</strong></span> <span class='ocrx_word' id='word_1_100' title='bbox 393 2132 509 2208; x_wconf 81' lang='lat' dir='ltr'><strong>trihus,</strong></span> <span class='ocrx_word' id='word_1_101' title='bbox 532 2131 588 2190; x_wconf 88' lang='lat' dir='ltr'><strong>sed</strong></span> <span class='ocrx_word' id='word_1_102' title='bbox 603 2130 683 2192; x_wconf 91' lang='lat' dir='ltr'><strong>altis.</strong></span> 
     </span>
     <span class='ocr_line' id='line_1_22' title="bbox 110 2213 719 2294; baseline 0.005 -22"><span class='ocrx_word' id='word_1_103' title='bbox 110 2213 202 2288; x_wconf 80' lang='lat' dir='ltr'><strong>Quod</strong></span> <span class='ocrx_word' id='word_1_104' title='bbox 218 2215 340 2292; x_wconf 85' lang='lat' dir='ltr'><strong>quaeris</strong></span> <span class='ocrx_word' id='word_1_105' title='bbox 356 2215 482 2294; x_wconf 90' lang='lat' dir='ltr'><strong>propius</strong></span> <span class='ocrx_word' id='word_1_106' title='bbox 501 2222 587 2293; x_wconf 84' lang='lat' dir='ltr'><strong>petes</strong></span> <span class='ocrx_word' id='word_1_107' title='bbox 601 2213 719 2276; x_wconf 81' lang='lat' dir='ltr'><strong>licebit.</strong></span> 
     </span>
     <span class='ocr_line' id='line_1_23' title="bbox 111 2296 666 2378; baseline 0.004 -22"><span class='ocrx_word' id='word_1_108' title='bbox 111 2298 189 2375; x_wconf 80' lang='lat' dir='ltr'><strong>Argi</strong></span> <span class='ocrx_word' id='word_1_109' title='bbox 203 2317 315 2378; x_wconf 86' lang='lat' dir='ltr'><strong>nempe</strong></span> <span class='ocrx_word' id='word_1_110' title='bbox 332 2296 415 2358; x_wconf 90' lang='lat' dir='ltr'><strong>soles</strong></span> <span class='ocrx_word' id='word_1_111' title='bbox 434 2299 539 2358; x_wconf 84' lang='lat' dir='ltr'><strong>subire</strong></span> <span class='ocrx_word' id='word_1_112' title='bbox 554 2297 666 2358; x_wconf 89' lang='lat' dir='ltr'><strong>letum:</strong></span> 
     </span>
     <span class='ocr_line' id='line_1_24' title="bbox 61 2381 709 2442; baseline -0.003 0"><span class='ocrx_word' id='word_1_113' title='bbox 61 2393 100 2442; x_wconf 84' lang='lat' dir='ltr'><strong>lo</strong></span> <span class='ocrx_word' id='word_1_114' title='bbox 111 2381 228 2440; x_wconf 80' lang='lat' dir='ltr'><strong>Contra</strong></span> <span class='ocrx_word' id='word_1_115' title='bbox 242 2381 385 2441; x_wconf 81' lang='lat' dir='ltr'><strong>Caesaris</strong></span> <span class='ocrx_word' id='word_1_116' title='bbox 399 2387 448 2441; x_wconf 85' lang='lat' dir='ltr'><strong>est</strong></span> <span class='ocrx_word' id='word_1_117' title='bbox 461 2381 563 2441; x_wconf 86' lang='lat' dir='ltr'><strong>forum</strong></span> <span class='ocrx_word' id='word_1_118' title='bbox 579 2382 709 2441; x_wconf 85' lang='lat' dir='ltr'><strong>taberna</strong></span> 
     </span>
     <span class='ocr_line' id='line_1_25' title="bbox 108 2463 731 2545; baseline 0.003 -21"><span class='ocrx_word' id='word_1_119' title='bbox 108 2465 242 2545; x_wconf 82' lang='lat' dir='ltr'><strong>Scriptis</strong></span> <span class='ocrx_word' id='word_1_120' title='bbox 261 2466 399 2545; x_wconf 88' lang='lat' dir='ltr'><strong>postibus</strong></span> <span class='ocrx_word' id='word_1_121' title='bbox 414 2466 486 2525; x_wconf 87' lang='lat' dir='ltr'><strong>hinc</strong></span> <span class='ocrx_word' id='word_1_122' title='bbox 501 2471 534 2524; x_wconf 92' lang='lat' dir='ltr'><strong>et</strong></span> <span class='ocrx_word' id='word_1_123' title='bbox 550 2463 624 2525; x_wconf 85' lang='lat' dir='ltr'><strong>inde</strong></span> <span class='ocrx_word' id='word_1_124' title='bbox 639 2467 731 2544; x_wconf 83' lang='lat' dir='ltr'><strong>totis,</strong></span> 
     </span>
     <span class='ocr_line' id='line_1_26' title="bbox 110 2547 756 2630; baseline 0.003 -23"><span class='ocrx_word' id='word_1_125' title='bbox 110 2549 226 2608; x_wconf 82' lang='lat' dir='ltr'><strong>Omnes</strong></span> <span class='ocrx_word' id='word_1_126' title='bbox 240 2559 274 2608; x_wconf 90' lang='lat' dir='ltr'><strong>ut</strong></span> <span class='ocrx_word' id='word_1_127' title='bbox 291 2550 352 2608; x_wconf 92' lang='lat' dir='ltr'><strong>cito</strong></span> <span class='ocrx_word' id='word_1_128' title='bbox 367 2547 511 2630; x_wconf 78' lang='lat' dir='ltr'><strong>perlegas</strong></span> <span class='ocrx_word' id='word_1_129' title='bbox 524 2557 643 2629; x_wconf 85' lang='lat' dir='ltr'><strong>poetas.</strong></span> <span class='ocrx_word' id='word_1_130' title='bbox 754 2577 756 2580; x_wconf 95' lang='lat'>·</span> 
     </span>
     <span class='ocr_line' id='line_1_27' title="bbox 108 2625 933 2713; baseline 0.005 -22"><span class='ocrx_word' id='word_1_131' title='bbox 108 2631 199 2692; x_wconf 89' lang='lat' dir='ltr'><strong>Illinc</strong></span> <span class='ocrx_word' id='word_1_132' title='bbox 213 2651 262 2693; x_wconf 92' lang='lat' dir='ltr'><strong>me</strong></span> <span class='ocrx_word' id='word_1_133' title='bbox 276 2639 368 2713; x_wconf 86' lang='lat' dir='ltr'><strong>pete,</strong></span> <span class='ocrx_word' id='word_1_134' title='bbox 390 2651 449 2693; x_wconf 88' lang='lat' dir='ltr'><strong>nec</strong></span> <span class='ocrx_word' id='word_1_135' title='bbox 466 2651 557 2711; x_wconf 85' lang='lat' dir='ltr'><strong>roges</strong></span> <span class='ocrx_word' id='word_1_136' title='bbox 572 2635 753 2713; x_wconf 83' lang='lat' dir='ltr'><strong>Atrectum,</strong></span> <span class='ocrx_word' id='word_1_137' title='bbox 768 2666 812 2679; x_wconf 87' lang='lat'><strong>-·-</strong></span> <span class='ocrx_word' id='word_1_138' title='bbox 927 2625 933 2634; x_wconf 76' lang='lat'>&#39;</span> 
     </span>
     <span class='ocr_line' id='line_1_28' title="bbox 109 2715 800 2798; baseline 0.006 -23"><span class='ocrx_word' id='word_1_139' title='bbox 109 2715 179 2775; x_wconf 88' lang='lat' dir='ltr'><strong>Hoc</strong></span> <span class='ocrx_word' id='word_1_140' title='bbox 194 2736 307 2777; x_wconf 91' lang='lat' dir='ltr'><strong>nomen</strong></span> <span class='ocrx_word' id='word_1_141' title='bbox 322 2715 462 2777; x_wconf 80' lang='lat' dir='ltr'><strong>domiuus</strong></span> <span class='ocrx_word' id='word_1_142' title='bbox 477 2718 559 2795; x_wconf 84' lang='lat' dir='ltr'><strong>gerit</strong></span> <span class='ocrx_word' id='word_1_143' title='bbox 573 2719 739 2798; x_wconf 81' lang='lat' dir='ltr'><strong>tabernae,</strong></span> <span class='ocrx_word' id='word_1_144' title='bbox 760 2752 800 2762; x_wconf 92' lang='lat'>-</span> 
     </span>
     <span class='ocr_line' id='line_1_29' title="bbox 60 2798 611 2880; baseline 0.004 -21"><span class='ocrx_word' id='word_1_145' title='bbox 60 2802 155 2864; x_wconf 80' lang='lat' dir='ltr'><strong>15lle</strong></span> <span class='ocrx_word' id='word_1_146' title='bbox 169 2802 269 2880; x_wconf 90' lang='lat' dir='ltr'><strong>primo</strong></span> <span class='ocrx_word' id='word_1_147' title='bbox 285 2800 370 2860; x_wconf 90' lang='lat' dir='ltr'><strong>dabit</strong></span> <span class='ocrx_word' id='word_1_148' title='bbox 385 2798 523 2861; x_wconf 83' lang='lat' dir='ltr'><strong>alterove</strong></span> <span class='ocrx_word' id='word_1_149' title='bbox 538 2801 611 2870; x_wconf 88' lang='lat' dir='ltr'><strong>nido</strong></span> 
     </span>
     <span class='ocr_line' id='line_1_30' title="bbox 107 2883 700 2965; baseline 0.002 -21"><span class='ocrx_word' id='word_1_150' title='bbox 107 2885 222 2944; x_wconf 86' lang='lat' dir='ltr'><strong>Rasum</strong></span> <span class='ocrx_word' id='word_1_151' title='bbox 235 2885 357 2965; x_wconf 88' lang='lat' dir='ltr'><strong>pumice</strong></span> <span class='ocrx_word' id='word_1_152' title='bbox 371 2903 569 2964; x_wconf 87' lang='lat' dir='ltr'><strong>purpuraque</strong></span> <span class='ocrx_word' id='word_1_153' title='bbox 586 2883 700 2945; x_wconf 88' lang='lat' dir='ltr'><strong>cultum</strong></span> 
     </span>
     <span class='ocr_line' id='line_1_31' title="bbox 108 2966 667 3048; baseline -0.004 -20"><span class='ocrx_word' id='word_1_154' title='bbox 108 2968 242 3029; x_wconf 87' lang='lat' dir='ltr'><strong>Denaris</strong></span> <span class='ocrx_word' id='word_1_155' title='bbox 258 2969 314 3029; x_wconf 84' lang='lat' dir='ltr'><strong>tibi</strong></span> <span class='ocrx_word' id='word_1_156' title='bbox 331 2971 466 3048; x_wconf 83' lang='lat' dir='ltr'><strong>quinque</strong></span> <span class='ocrx_word' id='word_1_157' title='bbox 482 2966 667 3029; x_wconf 81' lang='lat' dir='ltr'><strong>Martialem.</strong></span> 
     </span>
     <span class='ocr_line' id='line_1_32' title="bbox 103 3051 808 3133; baseline 0.003 -23"><span class='ocrx_word' id='word_1_158' title='bbox 103 3052 226 3130; x_wconf 79' lang='lat' dir='ltr'><strong>„Tanti</strong></span> <span class='ocrx_word' id='word_1_159' title='bbox 240 3072 303 3113; x_wconf 92' lang='lat' dir='ltr'><strong>nou</strong></span> <span class='ocrx_word' id='word_1_160' title='bbox 321 3052 376 3111; x_wconf 87' lang='lat' dir='ltr'><strong>es“</strong></span> <span class='ocrx_word' id='word_1_161' title='bbox 392 3052 459 3112; x_wconf 76' lang='lat' dir='ltr'><strong>ais?</strong></span> <span class='ocrx_word' id='word_1_162' title='bbox 482 3051 587 3131; x_wconf 86' lang='lat' dir='ltr'><strong>Sapis,</strong></span> <span class='ocrx_word' id='word_1_163' title='bbox 610 3052 762 3133; x_wconf 78' lang='lat' dir='ltr'><strong>Luperee‚</strong></span> <span class='ocrx_word' id='word_1_164' title='bbox 802 3125 808 3130; x_wconf 81' lang='lat'><strong>..</strong></span> 
     </span>
    </p>
   </div>
   <div class='ocr_carea' id='block_1_8' title="bbox 479 3185 611 3248">
    <p class='ocr_par' dir='ltr' id='par_1_8' title="bbox 479 3185 611 3248">
     <span class='ocr_line' id='line_1_33' title="bbox 479 3185 611 3248; baseline 0.008 -2"><span class='ocrx_word' id='word_1_165' title='bbox 479 3185 611 3248; x_wconf 85' lang='lat' dir='ltr'><strong>CXVllI.</strong></span> 
     </span>
    </p>
   </div>
   <div class='ocr_carea' id='block_1_9' title="bbox 104 3299 916 3465">
    <p class='ocr_par' dir='ltr' id='par_1_9' title="bbox 104 3299 916 3465">
     <span class='ocr_line' id='line_1_34' title="bbox 104 3299 916 3384; baseline 0.001 -23"><span class='ocrx_word' id='word_1_166' title='bbox 104 3301 167 3361; x_wconf 77' lang='lat' dir='ltr'><strong>(lui</strong></span> <span class='ocrx_word' id='word_1_167' title='bbox 181 3299 303 3380; x_wconf 71' lang='lat' dir='ltr'><strong>legisse·</strong></span> <span class='ocrx_word' id='word_1_168' title='bbox 314 3302 388 3362; x_wconf 78' lang='lat' dir='ltr'><strong>aetla</strong></span> <span class='ocrx_word' id='word_1_169' title='bbox 402 3322 464 3362; x_wconf 92' lang='lat' dir='ltr'><strong>non</strong></span> <span class='ocrx_word' id='word_1_170' title='bbox 479 3309 528 3362; x_wconf 89' lang='lat' dir='ltr'><strong>est</strong></span> <span class='ocrx_word' id='word_1_171' title='bbox 542 3305 760 3384; x_wconf 84' lang='lat' dir='ltr'><strong>epigrammata</strong></span> <span class='ocrx_word' id='word_1_172' title='bbox 776 3309 916 3384; x_wconf 90' lang='lat' dir='ltr'><strong>centum,</strong></span> 
     </span>
     <span class='ocr_line' id='line_1_35' title="bbox 147 3383 759 3465; baseline 0.008 -20"><span class='ocrx_word' id='word_1_173' title='bbox 147 3383 202 3445; x_wconf 92' lang='lat' dir='ltr'><strong>Nil</strong></span> <span class='ocrx_word' id='word_1_174' title='bbox 211 3383 260 3447; x_wconf 90' lang='lat' dir='ltr'><strong>illi</strong></span> <span class='ocrx_word' id='word_1_175' title='bbox 275 3387 348 3446; x_wconf 86' lang='lat' dir='ltr'><strong>satis</strong></span> <span class='ocrx_word' id='word_1_176' title='bbox 365 3392 430 3465; x_wconf 86' lang='lat' dir='ltr'><strong>est,</strong></span> <span class='ocrx_word' id='word_1_177' title='bbox 453 3385 654 3465; x_wconf 82' lang='lat' dir='ltr'><strong>Caediclane,</strong></span> <span class='ocrx_word' id='word_1_178' title='bbox 678 3386 759 3450; x_wconf 90' lang='lat' dir='ltr'><strong>mali.</strong></span> 
     </span>
    </p>
   </div>
   <div class='ocr_carea' id='block_1_10' title="bbox 1034 216 1078 280">
    <p class='ocr_par' dir='ltr' id='par_1_10' title="bbox 1034 216 1078 280">
     <span class='ocr_line' id='line_1_36' title="bbox 1034 216 1078 280; baseline 0 0"><span class='ocrx_word' id='word_1_179' title='bbox 1034 216 1078 280; x_wconf 75' lang='lat'><strong>39</strong></span> 
     </span>
    </p>
   </div>
   <div class='ocr_carea' id='block_1_11' title="bbox 0 0 1225 3900">
    <p class='ocr_par' dir='ltr' id='par_1_11' title="bbox 0 0 1225 3900">
     <span class='ocr_line' id='line_1_37' title="bbox 0 0 1225 3900; baseline 0 0"><span class='ocrx_word' id='word_1_180' title='bbox 0 0 1225 3900; x_wconf 95' lang='lat' dir='ltr'><strong> </strong></span> 
     </span>
    </p>
   </div>
  </div>
 </body>
</html>
