2430 3894
227 233 229 238 Ι
357 107 780 212 EP1GRAMMATONL1B.
794 153 845 216 ιν.
1080 153 1128 223 st

567 351 633 413 XV.
744 363 745 368 ’

163 462 256 526 Mille
271 465 331 524 tlb'i
345 483 483 523 nummos
498 466 646 525 hesterna
660 465 730 526 luce
743 467 865 544 roganti

206 549 240 608 lu
256 567 309 608 sex
324 554 376 607 aut
390 555 525 627 septem,
548 549 739 627 caeciliane,
760 548 843 628 dies,

161 632 258 711 „Non
272 632 394 692 babeo“
410 631 487 701 dixi:
509 631 566 692 sed
579 640 613 693 tu
628 639 767 694 causatus
782 634 870 693 amici

204 713 378 776 Adventum
391 715 511 776 lancem
525 711 683 797 paucaque
696 735 766 777 vasa
779 735 878 796 rogas.

134 797 353 862 asculenses?
376 819 413 859 au
428 798 557 860 stultum
571 819 620 860 me
637 800 755 879 credis,
778 800 898 861 amice?
917 803 1026 881 negavi
1069 809 1071 820 ’

204 881 296 944 Mille
311 884 368 943 tibi
382 901 536 962 nummus,
558 882 643 944 milia
660 885 795 964 quinque
810 883 912 945 dabc‘l

557 1017 636 1079 XVI.

160 1128 338 1206 Privignum
353 1147 415 1186 uon
431 1146 501 1186 esse
517 1133 587 1187 tuac
602 1136 651 1206 te,
674 1125 780 1205 Galle,
802 1147 953 1191 novercae

202 1212 318 1271 Rumor
334 1217 419 1289 erat,
440 1212 572 1271 coniunx
588 1211 658 1271 dum
672 1212 732 1271 fuit
746 1211 801 1272 illa
814 1215 922 1293 patris.
988 1217 991 1223 ‘

159 1295 230 1356 Nou
245 1299 349 1354 tamen
363 1296 423 1354 hoc
438 1301 563 1374 poterat
576 1298 643 1355 vivo
660 1298 802 1374 genitore
815 1299 950 1375 probari.

203 1381 264 1438 lam
277 1398 425 1458 nusquam
441 1385 531 1458 pater
546 1387 614 1457 cst,
634 1378 741 1457 Galle,
763 1381 995 1442 noverca·domi
1010 1390 1071 1444 est.

133 1464 293 1540 amagnus
309 1465 346 1522 ab
363 1461 495 1521 infernis
511 1471 675 1522 revocetur
691 1462 813 1522 Tullius
829 1466 944 1525 umbris

201 1547 242 1607 Et
260 1553 292 1606 te
308 1545 457 1606 defendat
474 1546 609 1624 Regulus
623 1550 690 1626 ipse
705 1545 798 1624 licet,

157 1630 227 1690 Nou
241 1637 331 1710 potes
346 1628 477 1689 absolvi:
501 1649 571 1689 nam
588 1649 665 1709 quae
680 1649 742 1688 nou
759 1629 875 1690 desiuit
889 1649 959 1691 esse

201 1715 276 1772 Post
294 1721 432 1794 patrem,
453 1732 624 1793 uunquam,
646 1711 753 1792 Galle,
773 1731 906 1773 noverca
920 1714 991 1779 luit.

544 1847 637 1908 XVll.

154 1960 277 2020 Facere
292 1960 325 2018 in
339 1958 513 2037 Lyciscam,
533 1958 645 2038 Paule,
663 1979 712 2020 me
724 1963 813 2021 iubes
828 1980 951 2041 versus,

156 2044 277 2119 Quibus
291 2041 345 2102 illa
362 2041 454 2102 lectis
468 2044 577 2103 rubeat
593 2049 626 2102 et
640 2046 680 2104 ait
694 2046 781 2106 irata.

154 2129 185 2187 0
200 2124 312 2205 Paule,
336 2125 431 2186 rnalus
446 2145 495 2187 cs:
516 2129 667 2188 irrumare
682 2130 727 2188 m's
744 2130 836 2193 solus.

545 2274 652 2338 XVlll.

154 2389 227 2464 Qua
243 2387 343 2446 vicina
357 2386 436 2467 pluit
451 2388 595 2467 Vipsanis
609 2393 700 2467 porta
716 2385 865 2448 columnis

199 2471 241 2530 Et
256 2469 359 2530 madet
374 2471 495 2532 assiduo
510 2471 646 2534 lubricus
659 2472 759 2532 imbre
773 2471 866 2552 lapis,

151 2556 190 2617 lu
209 2553 346 2636 iugulum
359 2557 467 2635 pueri,
490 2556 542 2634 qui
555 2553 677 2615 roscida
691 2562 775 2616 tecta
789 2557 926 2636 subibat,

156 2631 160 2639 '
199 2637 324 2699 Decidit
337 2639 468 2699 hiberno
485 2641 661 2719 praegravis
676 2639 758 2701 unda
773 2641 858 2719 gelu:

124 2725 298 2802 §Cumque
313 2725 487 2803 peregisset
500 2724 606 2782 miseri
622 2722 760 2783 crudelia
775 2724 854 2802 fata,

202 2807 318 2867 Tabuit
332 2809 364 2867 iu
381 2805 480 2867 calido
495 2805 623 2867 uulnere
638 2826 744 2867 mucro
759 2814 859 2868 tener.
985 2875 988 2882 ⁴

151 2889 241 2968 Quid
254 2910 316 2951 ucu
331 2909 420 2951 saeva
434 2891 493 2951 sibi
508 2889 605 2950 voluit
618 2889 759 2952 Fortuna
772 2890 892 2951 licere?

198 2977 262 3035 Aut
275 2976 329 3036 ubl
343 2994 405 3034 uon
419 2993 501 3036 mora
517 2980 580 3053 eat,
602 2975 629 3035 si
643 2974 786 3054 iugulatis
802 2971 921 3055 aquae?

553 3109 632 3172 xix.

147 3221 243 3284 Hauc
257 3221 314 3281 tibi
330 3221 521 3301 Sequanicae
535 3224 678 3304 pinguem
694 3199 834 3286 teutricis
848 3222 1018 3301 alumnam,

199 3306 285 3381 Quae
299 3304 576 3366 Lacedaemonium
590 3309 721 3368 barbara
734 3323 846 3368 numen
862 3308 988 3383 babet,

149 3387 308 3469 Sordida,
331 3387 389 3450 sed.
402 3389 505 3469 gelido
519 3411 581 3452 nou
598 3389 790 3474 aspernanda
807 3391 975 3452 Decembri
