2426 3900
119 162 164 234 56
445 161 489 222 Μ.
508 159 601 223 VAL.
617 161 842 223 MARTIALIS

206 315 353 374 Protinus
368 319 420 371 aut
431 310 529 372 Marsi
544 313 657 373 recitas
672 320 724 374 aut
738 317 853 395 acripta
870 313 995 381 Catulli.

250 397 318 456 Hoc
333 396 407 454 mihi
424 393 494 473 dua,
516 401 660 474 unquam
676 396 833 458 deteriora
846 399 948 479 legas,

184 481 252 543 5Ut
266 478 377 540 collata
390 479 486 556 megla
499 479 641 558 placeant
655 482 747 541 meai
777 482 939 545 Credimus
957 483 1060 546 iatuda

249 560 335 624 Malo
350 568 452 622 tamen
464 564 596 640 metten,
617 561 808 643 caeciliane,
830 574 891 630 tua.

586 691 704 751 LXXII.

208 802 365 863 Hesterna
379 801 493 862 factum
508 808 667 877 narratur,
688 801 852 878 Postume,
875 819 950 861 cena

120 933 125 944 .
250 885 340 962 Quod
354 883 470 946 nollem
490 919 524 928 -
544 887 611 964 quia
625 885 708 944 enim
727 884 801 944 talia
815 885 898 944 facta
910 885 1050 966 probet?
1064 917 1108 930 -
1167 906 1172 917 ·

208 971 252 1029 Oa
266 971 324 1029 tibi
337 969 492 1049 perciaum
509 973 622 1049 quanto
640 987 702 1028 non
716 969 785 1048 Ipae
798 969 926 1029 Latium

249 1050 333 1114 Vilia
346 1049 507 1112 Panniculi
521 1052 658 1132 percutit
671 1071 726 1111 ora
739 1071 831 1112 aono:

186 1134 362 1215 5Quodque
377 1137 472 1213 magia
485 1137 596 1195 mirum
611 1142 675 1210 eat,
698 1142 854 1196 auctorem
866 1135 1002 1196 criminIa
1018 1135 1109 1195 huiua
1198 1135 1199 1224 I

251 1216 420 1278 Caecilium
436 1225 502 1278 tota
515 1237 619 1278 rumor
633 1219 666 1278 In
682 1219 760 1278 urbe
774 1224 870 1279 conat.

206 1301 285 1362 ane
300 1319 393 1380 negas
408 1301 536 1361 factum:
557 1303 603 1360 via
618 1302 677 1361 hoc
690 1318 739 1360 me
755 1301 909 1362 credere?
931 1299 1036 1363 credo.
1199 1340 1200 1400 I

251 1382 347 1463 Quid,
372 1383 453 1462 quod
467 1385 561 1444 habet
575 1392 689 1461 testea,
710 1385 874 1463 Postume,
896 1384 1073 1445 Caecilius?

577 1516 709 1578 LXXIII.

207 1632 289 1709 Quid
303 1633 396 1692 faeiat
411 1631 475 1693 vult
489 1635 570 1694 scire
585 1633 692 1712 LyrIs:
714 1633 796 1710 quod
810 1634 928 1692 sobria:
948 1630 1048 1693 fellat.

576 1764 711 1827 LXXIV.

209 1877 351 1938 Cinctum
363 1877 476 1954 togatis
491 1882 562 1956 poet
577 1881 611 1935 et
625 1881 696 1936 ante
710 1875 866 1937 Saufeium

208 1961 328 2036 Quanta
338 1958 447 2019 reduci
460 1958 594 2037 Regulus
610 1958 692 2020 solet
704 1961 809 2037 turba,
1202 1951 1203 2040 I

207 2041 257 2103 rid
270 2043 332 2103 alta
345 2047 466 2103 tonsum
480 2041 597 2122 templa
610 2062 676 2102 cum
691 2061 777 2103 reum
793 2044 891 2121 misit,

206 2126 368 2204 Materne,
391 2125 515 2185 ceruici
536 2124 676 2185 invidere
690 2125 798 2190 nolito.

185 2210 379 2271 5Gomitutua
393 2210 453 2268 iate
468 2209 509 2268 ait
522 2227 635 2288 precor
650 2213 719 2269 tuus
733 2229 896 2289 nunquam.

206 2294 272 2354 Hos
286 2291 336 2353 illi
350 2293 463 2353 amicos
478 2299 511 2352 et
525 2311 636 2372 greges
651 2299 824 2371 togatorum

206 2375 405 2437 Fuficulenus
419 2382 558 2456 praestat
573 2383 606 2437 et
619 2376 816 2437 Faventinus.

587 2508 707 2568 LXXV.

207 2620 348 2680 Verbera
362 2620 464 2678 aecnri
481 2618 589 2680 solitus
601 2619 653 2680 leo
668 2621 754 2681 ferre
768 2620 905 2699 magistri

249 2703 460 2781 Insertamque
473 2705 538 2784 pati
551 2702 682 2764 blandus
695 2705 728 2764 In
743 2723 797 2764 ora
813 2721 933 2763 manum
1049 2757 1051 2764 .

206 2784 364 2847 Dedidicit
377 2804 484 2867 pacem
499 2787 600 2847 subito
615 2787 743 2847 feritate
761 2804 905 2864 reversa,

249 2869 368 2948 Quanta
384 2888 442 2930 nec
456 2872 489 2931 In
502 2869 627 2949 Libycis
643 2868 751 2930 debuit
764 2888 833 2930 ease
848 2870 937 2947 iugis.

184 2951 283 3015 5Nam
298 2953 359 3014 duo
376 2951 416 3014 de
433 2959 543 3014 tenera
554 2951 687 3032 puerilia
701 2973 832 3033 corpora
846 2953 952 3028 turba,

248 3038 450 3116 SanguIneam
464 3038 572 3097 rastris
588 3054 665 3116 quae
680 3038 847 3097 renovabat
859 3036 1000 3113 humum,

206 3119 319 3180 Saevos
336 3125 370 3179 et
382 3118 492 3179 infelix
505 3117 610 3178 furiali
629 3118 723 3178 dente
737 3119 886 3199 peremit:

247 3201 361 3264 Martia
376 3221 438 3263 non
453 3202 530 3262 vidit
543 3204 639 3261 maius
655 3203 771 3262 harena
784 3202 881 3263 nefas.

206 3285 386 3345 Exclamare
399 3284 494 3346 libet:
516 3283 691 3362 „crudelia,
712 3284 849 3364 perfide,
870 3283 1006 3363 praedo,

164 3377 199 3428 10
247 3370 276 3427 A
293 3374 399 3428 uoatra
413 3369 519 3448 pueris
532 3385 662 3446 parcere
678 3367 763 3428 disce
780 3366 851 3448 lupa
860 3368 890 3426 !“
