2426 3900
106 179 149 244 44
315 187 318 192 ·
424 177 469 240 u.
488 177 581 241 van.
600 139 827 240 minumum

233 329 361 392 Assidet
377 335 410 392 et
429 327 602 407 cathedris,
623 335 741 389 maesta
756 330 902 409 invenes,
922 333 996 394 tuis.

190 413 266 475 Inde
282 415 364 494 petit
378 420 502 477 centum
515 411 685 495 pendentia
701 419 785 473 tecta
802 412 968 494 columnis,
1012 476 1016 482 ,

152 510 183 562 10
231 491 323 558 illiue
340 497 470 578 Pompei
487 495 567 557 dona
582 510 751 575 nemusque
768 495 892 577 duplex.

190 580 255 643 Neo
269 581 434 642 Fortunati
452 581 574 661 spernit
588 598 647 639 nee
665 577 777 640 balnea
792 580 917 659 Fausti,

126 703 129 708 ι
231 664 296 726 Nee
314 662 417 746 Grylli
435 666 580 725 tenebras
597 659 800 742 Aeoliamque
817 663 914 745 Lupi=

188 749 265 810 Nam
281 750 380 810 ternis
396 749 510 808 iterum
526 747 656 812 thermis
673 748 848 827 iterumque
864 746 995 812 lavatur.

232 833 341 894 Omnia
359 849 427 893 enm
442 832 535 909 feeit,
557 830 614 892 sed
626 837 779 892 renuente
797 830 873 911 deo,

148 915 284 978 15Lotns
301 914 340 976 ad
356 916 498 998 Europes
515 913 640 996 tepidae
659 917 771 975 buxeta
788 915 940 994 recurrit,

234 1000 267 1060 Si
287 1002 355 1081 quis
370 1001 415 1061 ibi
432 1018 536 1061 serum
547 1004 654 1078 carpat
671 999 785 1058 amiens
801 1000 874 1062 iter.

189 1084 253 1145 Per
270 1089 303 1144 te
320 1102 440 1165 perque
458 1091 557 1161 tuam,
577 1089 685 1143 vector
700 1080 831 1160 lascive,
852 1078 1006 1162 puellam,

232 1165 283 1228 Ad
303 1185 410 1227 cenam
428 1167 545 1229 Selium
562 1172 597 1226 tu
614 1185 707 1245 rogo,
729 1173 835 1245 tsnre,
855 1185 938 1227 voca.

594 1297 661 1361 XV.

74 1403 81 1412 ’
192 1408 281 1487 Quod
297 1408 375 1471 nulli
394 1408 519 1470 calicem
536 1416 621 1470 tuum
636 1410 801 1490 propinas,

190 1495 330 1555 Humane
347 1496 439 1573 facis,
461 1494 597 1573 Horme,
618 1513 681 1554 non
698 1495 841 1575 superbe.

588 1628 669 1692 XVI.

192 1738 298 1799 Zoilus
315 1745 470 1818 aegrotet:
492 1739 611 1800 faciunt
626 1742 706 1800 hano
725 1737 861 1819 stragula
877 1739 1010 1799 febrem.

233 1821 268 1880 Si
285 1821 383 1882 inerit
394 1842 501 1901 sanus,
523 1825 648 1883 coccina
665 1822 739 1903 quid
756 1823 894 1884 facient?

192 1904 275 1982 Quid
288 1911 375 1965 torus
390 1927 408 1966 a
423 1904 510 1984 Nilo,
533 1906 606 1986 qnid
622 1906 738 1968 Sidone
753 1908 867 1968 tiuetus
882 1903 1003 1967 olenti?

233 1988 380 2050 Ostendit
393 1988 501 2050 stultas
517 1989 590 2068 quid
604 1991 665 2050 nisi
678 1992 802 2051 morbus
817 1989 914 2071 ope'si

171 2070 279 2149 5Quid
293 2073 352 2133 tibi
368 2092 435 2133 eum
448 2071 600 2134 medicis?
621 2073 743 2134 dimitte
755 2075 942 2136 Machaonas
956 2091 1079 2139 omnes.

234 2157 289 2217 Vis
299 2155 370 2216 iieri
385 2176 494 2237 sanus,
517 2156 653 2236 stragulo
666 2175 751 2218 sume
765 2175 844 2221 mea:

580 2290 674 2354 XVII.

193 2399 341 2462 Tonstrix
356 2401 495 2464 Suburae
509 2403 649 2463 faucibus
663 2401 753 2463 sedet
766 2404 890 2483 primis,

191 2482 328 2544 Cruenta
341 2485 481 2565 pendent
496 2505 555 2564 qua
568 2483 691 2564 flagella
706 2492 857 2548 tortorum

190 2566 330 2646 Argique
344 2566 441 2628 letum
458 2565 574 2628 multus
591 2569 714 2630 obsidet
728 2573 823 2631 sutor.

191 2649 255 2708 Sed
268 2651 328 2712 ista
341 2651 490 2730 tonstrix,
509 2652 684 2730 Ammiane,
706 2673 769 2714 non
783 2651 909 2733 tondet,

169 2731 260 2793 tNon
277 2732 403 2814 tondet,
424 2735 556 2813 inquam.
587 2736 668 2814 Quid
682 2738 776 2816 igitur
790 2738 887 2799 feeit?
914 2735 1017 2800 Radit.

447 2881 451 2892 '
569 2870 676 2932 XVIII.

190 2980 288 3060 Capto
302 2985 401 3060 tuam,
421 2979 519 3062 pudet
533 2983 612 3061 heu,
635 2980 691 3041 sed
706 2989 812 3062 capto,
834 2983 984 3062 Maxime,
1006 3000 1139 3064 cenam,

232 3062 281 3124 'In
296 3071 401 3145 captas
418 3064 524 3127 aliamz
544 3067 603 3126 iam
621 3084 724 3125 sumus
738 3084 813 3144 ergo
829 3085 931 3146 pares.

187 3146 282 3208 Mane
297 3147 459 3208 salutatum
476 3149 583 3227 venio,
604 3157 639 3210 tu
655 3147 769 3210 diceris
784 3151 847 3210 isse

229 3232 312 3292 Ante
330 3230 510 3293 salutatum:
531 3234 591 3293 iam
605 3253 707 3294 sumus
722 3253 796 3313 ergo
812 3252 913 3314 pares.

166 3311 264 3374 trSum
280 3333 382 3376 eomes
396 3317 464 3397 ipse
478 3325 548 3377 tuus
562 3315 734 3396 tumidique
750 3314 945 3378 anteambulo
963 3318 1070 3398 regis,

231 3396 281 3457 'I'n
296 3417 398 3460 eomes
413 3398 555 3460 alterius:
577 3401 637 3459 iam
654 3418 756 3460 snmus
772 3418 847 3480 ergo
862 3419 963 3482 pares.
