2430 3894
102 155 160 218 120
430 157 474 218 Μ.
492 157 584 219 VAL.
601 157 828 220 MAR'l'llLlS

597 309 646 368 Li.

56 449 60 458 ·
187 425 262 501 llic,
286 424 340 503 qui
351 419 469 483 libellis
484 440 684 501 praegravem
700 423 783 504 gerit
799 419 930 504 laevam,

187 507 384 570 Notariorum
402 524 493 584 quem
507 506 622 586 premit
636 506 749 565 chorus
763 501 858 585 loris,

188 591 247 667 Qui
261 588 415 650 codicillis
430 591 502 649 binc
521 595 554 648 et
568 587 641 650 inde
654 588 785 670 prolatis

130 693 133 700 ·
187 672 398 754 Epistolisque
415 671 587 732 commodet
601 690 723 751 gravem
739 672 857 736 voltum

165 756 306 822 bSimilis
321 758 434 818 (latoni
450 755 619 835 'l'ullioque
634 755 808 835 Brutoque,
1012 835 1014 839 ,

187 843 388 922 Exprimere,
411 841 508 917 Rufe,
529 839 673 900 fidiculae
685 839 764 904 licet
779 849 888 921 cogant
897 877 909 914 ,

188 929 253 987 Ave
269 927 427 1002 Latinum,
442 931 532 1002 χαῖρε
548 943 611 982 non
624 929 732 1006 potest
745 925 907 989 Graecum.

189 1011 222 1070 Si
237 1011 356 1088 lingere
372 1008 454 1088 istud
472 1026 521 1068 me
535 1015 640 1088 putas,
662 1007 837 1072 salutemus.

591 1141 652 1202 Lll.

190 1242 274 1318 Quae
290 1243 365 1302 mibi
380 1241 576 1322 praestiteris
594 1242 718 1300 memini
737 1259 922 1320 semperque
936 1245 1060 1306 tenebo.

119 1380 122 1386 .
231 1326 294 1386 Cur
308 1326 403 1404 igitur
417 1331 521 1401 taceo,
543 1324 710 1384 Postume?
744 1325 793 1384 Tu
806 1324 954 1405 loqueris.

188 1409 304 1489 Incipio
321 1409 462 1488 quotiens
478 1406 568 1468 alicui
583 1415 634 1470 tua
653 1407 733 1470 dona
747 1410 886 1487 referre,

233 1492 379 1552 Protinus
395 1491 542 1552 exclamat
557 1492 707 1570 „Dixerat
721 1495 788 1573 ipsc
804 1493 913 1554 mibi.“

167 1577 261 1638 bNon
277 1575 361 1636 belle
377 1575 525 1654 quaedem
539 1575 657 1635 iaciunt
672 1575 748 1636 duo:
770 1575 886 1638 suflicit
900 1595 977 1637 unus

231 1661 312 1720 Huic
326 1662 430 1740 operi:
453 1662 479 1719 si
493 1661 555 1738 vis,
577 1665 612 1718 nt
625 1658 752 1739 loquar,
775 1662 842 1741 ipse
858 1667 937 1721 tace.

191 1743 294 1803 Crede
310 1744 401 1821 mibi,
423 1745 558 1822 quamvis
572 1745 726 1823 ingentia,
748 1741 911 1824 Postume,
934 1743 1013 1806 dona

231 1828 375 1887 Auctoris
390 1834 524 1906 pereunt
539 1826 721 1906 garrulitate
737 1829 793 1890 sui.

591 1961 665 2024 Llll.

192 2058 342 2120 Colchida
358 2058 431 2139 quid
447 2058 574 2135 scribis,
591 2057 665 2139 quid
680 2059 807 2136 scribis,
825 2060 938 2139 amice,
961 2061 1141 2140 Tbyesteni

233 2142 299 2218 Quo
315 2144 371 2203 tibi
388 2141 436 2202 vel
450 2141 589 2220 Nioben,
611 2143 721 2220 Basse,
742 2140 794 2202 vel
807 2141 1069 2207 Andromachen!

189 2225 324 2287 Materia
338 2233 402 2305 est,
424 2225 627 2304 mihicrede,
650 2228 712 2286 tuis
728 2227 884 2305 aptissima
899 2229 1012 2290 chartis

233 2310 419 2389 Deucalion,
441 2308 490 2370 vel
507 2311 606 2370 sinon
622 2309 725 2390 placet
738 2310 807 2387 hic,
827 2311 996 2374 Pbaetbon.

585 2434 661 2496 LlV.

187 2530 414 2611 Extemporalis
428 2533 528 2592 lactus
543 2539 592 2593 est
605 2551 691 2594 meus
705 2534 827 2594 rhetor:

106 2629 108 2636 ⁴
190 2612 392 2695 Golpnruium
407 2635 468 2676 non
484 2618 626 2695 scripsit,
649 2623 682 2676 et
696 2613 847 2678 salutavit.

594 2751 658 2812 LV.

189 2847 245 2906 Dic
257 2848 343 2924 mibi,
359 2867 448 2927 quem
462 2854 580 2928 portos,
593 2846 753 2909 volucrum
764 2849 894 2930 reginei
915 2847 1139 2928 „Tonantem.“

229 2928 322 2990 Nulla
337 2951 426 2992 manu
441 2939 537 3012 qua're
553 2929 681 2994 fulmina
696 2931 818 3012 gestat?
850 2931 992 3010 „Amat.“

190 3013 257 3089 Quo
271 3013 356 3074 calet
369 3017 439 3093 igne
455 3016 554 3077 deus?
580 3017 730 3098 „l’ueri.“
761 3018 826 3077 Gur
840 3017 922 3077 mitis
938 3022 1045 3097 aperto

230 3098 371 3180 Respicis
389 3117 445 3162 ore
459 3099 583 3160 lovem?
610 3101 677 3180 „Dc
694 3100 873 3180 Ganymede
888 3099 1033 3180 loquor.“

154 3229 229 3320 f*
571 3219 661 3283 LVI.

150 3328 156 3340 ’
188 3289 380 3392 Cuitradas,
401 3316 504 3396 Lupe,
522 3315 621 3377 filium
636 3319 798 3398 magistro,

72 3437 85 3468 ε)
100 3439 136 3479 s„
180 3385 317 3472 ffuaeris
333 3396 484 3458 sollicitus
500 3399 553 3459 diu
568 3409 729 3478 rogasque.
