<?xml version="1.0" encoding="UTF-8"?>
<!DOCTYPE html PUBLIC "-//W3C//DTD XHTML 1.0 Transitional//EN"
    "http://www.w3.org/TR/xhtml1/DTD/xhtml1-transitional.dtd">
<html xmlns="http://www.w3.org/1999/xhtml" xml:lang="en" lang="en">
 <head>
  <title>
</title>
<meta http-equiv="Content-Type" content="text/html;charset=utf-8" />
  <meta name='ocr-system' content='tesseract 3.04.00' />
  <meta name='ocr-capabilities' content='ocr_page ocr_carea ocr_par ocr_line ocrx_word'/>
</head>
<body>
  <div class='ocr_page' id='page_1' title='image "./diuniiiuvenalis02juvegoog_0333.png"; bbox 0 0 2392 3888; ppageno 0'>
   <div class='ocr_carea' id='block_1_1' title="bbox 141 179 854 248">
    <p class='ocr_par' dir='ltr' id='par_1_1' title="bbox 141 179 854 248">
     <span class='ocr_line' id='line_1_1' title="bbox 141 179 854 248; baseline 0.006 -5"><span class='ocrx_word' id='word_1_1' title='bbox 141 179 202 244; x_wconf 81' lang='lat' dir='ltr'><strong>loo</strong></span> <span class='ocrx_word' id='word_1_2' title='bbox 456 182 502 247; x_wconf 80' lang='lat' dir='ltr'><strong>M.</strong></span> <span class='ocrx_word' id='word_1_3' title='bbox 517 183 611 246; x_wconf 83' lang='lat' dir='ltr'><strong>VAL.</strong></span> <span class='ocrx_word' id='word_1_4' title='bbox 628 183 854 248; x_wconf 72' lang='lat' dir='ltr'><strong>nolumus</strong></span> 
     </span>
    </p>
   </div>
   <div class='ocr_carea' id='block_1_2' title="bbox 627 385 691 448">
    <p class='ocr_par' dir='ltr' id='par_1_2' title="bbox 627 385 691 448">
     <span class='ocr_line' id='line_1_2' title="bbox 627 385 691 448; baseline 0.031 -2"><span class='ocrx_word' id='word_1_5' title='bbox 627 385 691 448; x_wconf 86' lang='lat' dir='ltr'><strong>XL.</strong></span> 
     </span>
    </p>
   </div>
   <div class='ocr_carea' id='block_1_3' title="bbox 179 498 1017 1170">
    <p class='ocr_par' dir='ltr' id='par_1_3' title="bbox 220 498 1017 665">
     <span class='ocr_line' id='line_1_3' title="bbox 220 498 988 582; baseline 0.003 -20"><span class='ocrx_word' id='word_1_6' title='bbox 220 500 281 562; x_wconf 84' lang='lat' dir='ltr'><strong>Hic</strong></span> <span class='ocrx_word' id='word_1_7' title='bbox 296 500 379 562; x_wconf 84' lang='lat' dir='ltr'><strong>iacet</strong></span> <span class='ocrx_word' id='word_1_8' title='bbox 392 498 449 562; x_wconf 85' lang='lat' dir='ltr'><strong>ille</strong></span> <span class='ocrx_word' id='word_1_9' title='bbox 463 519 574 579; x_wconf 76' lang='lat' dir='ltr'><strong>acuon,</strong></span> <span class='ocrx_word' id='word_1_10' title='bbox 597 503 734 580; x_wconf 76' lang='lat' dir='ltr'><strong>Augusta</strong></span> <span class='ocrx_word' id='word_1_11' title='bbox 748 508 840 562; x_wconf 76' lang='lat' dir='ltr'><strong>notua</strong></span> <span class='ocrx_word' id='word_1_12' title='bbox 855 503 887 562; x_wconf 91' lang='lat' dir='ltr'><strong>iu</strong></span> <span class='ocrx_word' id='word_1_13' title='bbox 903 501 988 582; x_wconf 84' lang='lat' dir='ltr'><strong>aula,</strong></span> 
     </span>
     <span class='ocr_line' id='line_1_4' title="bbox 261 584 1017 665; baseline 0.004 -20"><span class='ocrx_word' id='word_1_14' title='bbox 261 584 396 646; x_wconf 83' lang='lat' dir='ltr'>Pectore</span> <span class='ocrx_word' id='word_1_15' title='bbox 410 604 473 646; x_wconf 92' lang='lat' dir='ltr'><strong>nou</strong></span> <span class='ocrx_word' id='word_1_16' title='bbox 487 584 597 646; x_wconf 89' lang='lat' dir='ltr'><strong>humili</strong></span> <span class='ocrx_word' id='word_1_17' title='bbox 609 603 717 665; x_wconf 76' lang='lat' dir='ltr'><strong>paraus</strong></span> <span class='ocrx_word' id='word_1_18' title='bbox 731 591 896 664; x_wconf 77' lang='lat' dir='ltr'><strong>utrumque</strong></span> <span class='ocrx_word' id='word_1_19' title='bbox 911 584 1017 663; x_wconf 85' lang='lat' dir='ltr'><strong>dcum;</strong></span> 
     </span>
    </p>

    <p class='ocr_par' dir='ltr' id='par_1_4' title="bbox 220 666 995 832">
     <span class='ocr_line' id='line_1_5' title="bbox 220 666 995 750; baseline 0.005 -22"><span class='ocrx_word' id='word_1_20' title='bbox 220 666 368 730; x_wconf 80' lang='lat' dir='ltr'><strong>Natorum</strong></span> <span class='ocrx_word' id='word_1_21' title='bbox 381 671 481 750; x_wconf 72' lang='lat' dir='ltr'><strong>pletas</strong></span> <span class='ocrx_word' id='word_1_22' title='bbox 495 669 608 730; x_wconf 86' lang='lat' dir='ltr'><strong>aauctia</strong></span> <span class='ocrx_word' id='word_1_23' title='bbox 624 688 714 748; x_wconf 84' lang='lat' dir='ltr'><strong>quem</strong></span> <span class='ocrx_word' id='word_1_24' title='bbox 729 669 866 747; x_wconf 77' lang='lat' dir='ltr'><strong>coniugia</strong></span> <span class='ocrx_word' id='word_1_25' title='bbox 881 673 995 732; x_wconf 83' lang='lat' dir='ltr'><strong>umbria</strong></span> 
     </span>
     <span class='ocr_line' id='line_1_6' title="bbox 261 750 951 832; baseline 0.001 -17"><span class='ocrx_word' id='word_1_26' title='bbox 261 753 404 815; x_wconf 73' lang='lat' dir='ltr'><strong>Miscuit:</strong></span> <span class='ocrx_word' id='word_1_27' title='bbox 426 750 564 832; x_wconf 83' lang='lat' dir='ltr'><strong>Elysium</strong></span> <span class='ocrx_word' id='word_1_28' title='bbox 577 752 718 832; x_wconf 79' lang='lat' dir='ltr'><strong>possidet</strong></span> <span class='ocrx_word' id='word_1_29' title='bbox 733 753 819 814; x_wconf 84' lang='lat' dir='ltr'><strong>ambo</strong></span> <span class='ocrx_word' id='word_1_30' title='bbox 835 771 951 817; x_wconf 77' lang='lat' dir='ltr'><strong>nemun.</strong></span> 
     </span>
    </p>

    <p class='ocr_par' dir='ltr' id='par_1_5' title="bbox 179 834 926 918">
     <span class='ocr_line' id='line_1_7' title="bbox 179 834 926 918; baseline -0.003 -20"><span class='ocrx_word' id='word_1_31' title='bbox 179 871 180 876; x_wconf 19' lang='grc' dir='ltr'><strong>κ</strong></span> <span class='ocrx_word' id='word_1_32' title='bbox 197 835 344 898; x_wconf 82' lang='lat' dir='ltr'><strong>50ccldit</strong></span> <span class='ocrx_word' id='word_1_33' title='bbox 357 835 413 898; x_wconf 91' lang='lat' dir='ltr'><strong>illa</strong></span> <span class='ocrx_word' id='word_1_34' title='bbox 427 837 515 918; x_wconf 87' lang='lat' dir='ltr'><strong>prior</strong></span> <span class='ocrx_word' id='word_1_35' title='bbox 528 836 619 896; x_wconf 83' lang='lat' dir='ltr'><strong>viridi</strong></span> <span class='ocrx_word' id='word_1_36' title='bbox 633 834 774 897; x_wconf 85' lang='lat' dir='ltr'><strong>fraudata</strong></span> <span class='ocrx_word' id='word_1_37' title='bbox 787 837 926 898; x_wconf 80' lang='lat' dir='ltr'><strong>iuventa:</strong></span> 
     </span>
    </p>

    <p class='ocr_par' dir='ltr' id='par_1_6' title="bbox 261 918 913 1002">
     <span class='ocr_line' id='line_1_8' title="bbox 261 918 913 1002; baseline 0 -21"><span class='ocrx_word' id='word_1_38' title='bbox 261 921 321 981; x_wconf 84' lang='lat' dir='ltr'><strong>llic</strong></span> <span class='ocrx_word' id='word_1_39' title='bbox 335 939 434 1002; x_wconf 85' lang='lat' dir='ltr'><strong>prope</strong></span> <span class='ocrx_word' id='word_1_40' title='bbox 448 927 499 980; x_wconf 86' lang='lat' dir='ltr'><strong>tcr</strong></span> <span class='ocrx_word' id='word_1_41' title='bbox 515 938 605 980; x_wconf 76' lang='lat' dir='ltr'><strong>senaa</strong></span> <span class='ocrx_word' id='word_1_42' title='bbox 619 920 694 980; x_wconf 78' lang='lat' dir='ltr'><strong>vixit</strong></span> <span class='ocrx_word' id='word_1_43' title='bbox 708 918 913 1000; x_wconf 75' lang='lat' dir='ltr'><strong>Olympiadas.</strong></span> 
     </span>
    </p>

    <p class='ocr_par' dir='ltr' id='par_1_7' title="bbox 220 1003 979 1170">
     <span class='ocr_line' id='line_1_9' title="bbox 220 1003 929 1083; baseline 0 -18"><span class='ocrx_word' id='word_1_44' title='bbox 220 1003 284 1065; x_wconf 79' lang='lat' dir='ltr'><strong>sed</strong></span> <span class='ocrx_word' id='word_1_45' title='bbox 297 1005 453 1068; x_wconf 72' lang='lat' dir='ltr'><strong>fertinatis</strong></span> <span class='ocrx_word' id='word_1_46' title='bbox 467 1009 589 1083; x_wconf 88' lang='lat' dir='ltr'><strong>raptum</strong></span> <span class='ocrx_word' id='word_1_47' title='bbox 604 1005 661 1065; x_wconf 86' lang='lat' dir='ltr'><strong>tibi</strong></span> <span class='ocrx_word' id='word_1_48' title='bbox 674 1003 811 1066; x_wconf 76' lang='lat' dir='ltr'><strong>credidit</strong></span> <span class='ocrx_word' id='word_1_49' title='bbox 826 1007 929 1082; x_wconf 75' lang='lat' dir='ltr'><strong>cunia,</strong></span> 
     </span>
     <span class='ocr_line' id='line_1_10' title="bbox 261 1087 979 1170; baseline 0 -21"><span class='ocrx_word' id='word_1_50' title='bbox 261 1089 391 1170; x_wconf 82' lang='lat' dir='ltr'><strong>Aspexit</strong></span> <span class='ocrx_word' id='word_1_51' title='bbox 400 1087 545 1152; x_wconf 76' lang='lat' dir='ltr'><strong>lacrimas</strong></span> <span class='ocrx_word' id='word_1_52' title='bbox 560 1089 716 1169; x_wconf 81' lang='lat' dir='ltr'><strong>quiaquia,</strong></span> <span class='ocrx_word' id='word_1_53' title='bbox 735 1087 883 1168; x_wconf 82' lang='lat' dir='ltr'><strong>lltruacc,</strong></span> <span class='ocrx_word' id='word_1_54' title='bbox 903 1097 979 1150; x_wconf 85' lang='lat' dir='ltr'><strong>tuas.</strong></span> 
     </span>
    </p>
   </div>
   <div class='ocr_carea' id='block_1_4' title="bbox 617 1221 699 1284">
    <p class='ocr_par' dir='ltr' id='par_1_8' title="bbox 617 1221 699 1284">
     <span class='ocr_line' id='line_1_11' title="bbox 617 1221 699 1284; baseline -0.024 0"><span class='ocrx_word' id='word_1_55' title='bbox 617 1221 699 1284; x_wconf 77' lang='lat' dir='ltr'><strong>xm.-</strong></span> 
     </span>
    </p>
   </div>
   <div class='ocr_carea' id='block_1_5' title="bbox 219 1337 1109 1506">
    <p class='ocr_par' dir='ltr' id='par_1_9' title="bbox 219 1337 1109 1506">
     <span class='ocr_line' id='line_1_12' title="bbox 219 1337 1029 1419; baseline -0.001 -19"><span class='ocrx_word' id='word_1_56' title='bbox 219 1338 377 1400; x_wconf 80' lang='lat' dir='ltr'><strong>(loomicoo</strong></span> <span class='ocrx_word' id='word_1_57' title='bbox 395 1357 464 1400; x_wconf 79' lang='lat' dir='ltr'><strong>erae</strong></span> <span class='ocrx_word' id='word_1_58' title='bbox 480 1340 555 1418; x_wconf 85' lang='lat' dir='ltr'><strong>tibi,</strong></span> <span class='ocrx_word' id='word_1_59' title='bbox 576 1339 738 1419; x_wconf 80' lang='lat' dir='ltr'><strong>Semproni</strong></span> <span class='ocrx_word' id='word_1_60' title='bbox 754 1337 876 1416; x_wconf 84' lang='lat' dir='ltr'><strong>Tucca,</strong></span> <span class='ocrx_word' id='word_1_61' title='bbox 897 1337 1029 1399; x_wconf 79' lang='lat' dir='ltr'><strong>videris:</strong></span> 
     </span>
     <span class='ocr_line' id='line_1_13' title="bbox 260 1421 1109 1506; baseline 0.002 -23"><span class='ocrx_word' id='word_1_62' title='bbox 260 1423 417 1499; x_wconf 69' lang='lat' dir='ltr'><strong>(loomim,</strong></span> <span class='ocrx_word' id='word_1_63' title='bbox 439 1422 619 1506; x_wconf 78' lang='lat' dir='ltr'><strong>Semproni,</strong></span> <span class='ocrx_word' id='word_1_64' title='bbox 641 1429 704 1483; x_wconf 84' lang='lat' dir='ltr'><strong>tam</strong></span> <span class='ocrx_word' id='word_1_65' title='bbox 718 1421 813 1499; x_wconf 85' lang='lat' dir='ltr'><strong>mala,</strong></span> <span class='ocrx_word' id='word_1_66' title='bbox 836 1442 925 1500; x_wconf 85' lang='lat' dir='ltr'><strong>quam</strong></span> <span class='ocrx_word' id='word_1_67' title='bbox 939 1423 1021 1483; x_wconf 87' lang='lat' dir='ltr'><strong>bona</strong></span> <span class='ocrx_word' id='word_1_68' title='bbox 1035 1433 1109 1485; x_wconf 81' lang='lat' dir='ltr'><strong>suut.</strong></span> 
     </span>
    </p>
   </div>
   <div class='ocr_carea' id='block_1_6' title="bbox 608 1557 697 1618">
    <p class='ocr_par' dir='ltr' id='par_1_10' title="bbox 608 1557 697 1618">
     <span class='ocr_line' id='line_1_14' title="bbox 608 1557 697 1618; baseline 0 0"><span class='ocrx_word' id='word_1_69' title='bbox 608 1557 697 1618; x_wconf 83' lang='lat' dir='ltr'><strong>XLll.</strong></span> 
     </span>
    </p>
   </div>
   <div class='ocr_carea' id='block_1_7' title="bbox 195 1666 1174 2167">
    <p class='ocr_par' dir='ltr' id='par_1_11' title="bbox 219 1666 986 1832">
     <span class='ocr_line' id='line_1_15' title="bbox 219 1666 986 1748; baseline -0.004 -17"><span class='ocrx_word' id='word_1_70' title='bbox 219 1669 402 1732; x_wconf 73' lang='lat' dir='ltr'><strong>Muneribus</strong></span> <span class='ocrx_word' id='word_1_71' title='bbox 419 1668 523 1748; x_wconf 84' lang='lat' dir='ltr'><strong>cupiat</strong></span> <span class='ocrx_word' id='word_1_72' title='bbox 538 1669 564 1728; x_wconf 82' lang='lat' dir='ltr'><strong>ai</strong></span> <span class='ocrx_word' id='word_1_73' title='bbox 579 1669 646 1748; x_wconf 84' lang='lat' dir='ltr'><strong>quia</strong></span> <span class='ocrx_word' id='word_1_74' title='bbox 662 1666 853 1729; x_wconf 85' lang='lat' dir='ltr'><strong>contendere</strong></span> <span class='ocrx_word' id='word_1_75' title='bbox 868 1676 986 1747; x_wconf 82' lang='lat' dir='ltr'><strong>tecum,</strong></span> 
     </span>
     <span class='ocr_line' id='line_1_16' title="bbox 259 1751 967 1832; baseline -0.001 -19"><span class='ocrx_word' id='word_1_76' title='bbox 259 1751 382 1830; x_wconf 84' lang='lat' dir='ltr'><strong>Audeat</strong></span> <span class='ocrx_word' id='word_1_77' title='bbox 395 1752 447 1812; x_wconf 87' lang='lat' dir='ltr'><strong>bic</strong></span> <span class='ocrx_word' id='word_1_78' title='bbox 461 1753 571 1831; x_wconf 80' lang='lat' dir='ltr'><strong>etiarn,</strong></span> <span class='ocrx_word' id='word_1_79' title='bbox 593 1753 750 1832; x_wconf 70' lang='lat' dir='ltr'><strong>Gannico,</strong></span> <span class='ocrx_word' id='word_1_80' title='bbox 772 1753 967 1814; x_wconf 72' lang='lat' dir='ltr'><strong>carminibus.</strong></span> 
     </span>
    </p>

    <p class='ocr_par' dir='ltr' id='par_1_12' title="bbox 216 1837 1005 2001">
     <span class='ocr_line' id='line_1_17' title="bbox 216 1837 1005 1917; baseline -0.003 -20"><span class='ocrx_word' id='word_1_81' title='bbox 216 1837 279 1908; x_wconf 85' lang='lat' dir='ltr'><strong>Noa</strong></span> <span class='ocrx_word' id='word_1_82' title='bbox 294 1843 404 1897; x_wconf 82' lang='lat' dir='ltr'><strong>tenuea</strong></span> <span class='ocrx_word' id='word_1_83' title='bbox 419 1837 452 1896; x_wconf 93' lang='lat' dir='ltr'><strong>iu</strong></span> <span class='ocrx_word' id='word_1_84' title='bbox 467 1843 599 1916; x_wconf 87' lang='lat' dir='ltr'><strong>utroque</strong></span> <span class='ocrx_word' id='word_1_85' title='bbox 617 1855 719 1896; x_wconf 84' lang='lat' dir='ltr'><strong>oumuo</strong></span> <span class='ocrx_word' id='word_1_86' title='bbox 732 1837 874 1916; x_wconf 79' lang='lat' dir='ltr'><strong>uincique</strong></span> <span class='ocrx_word' id='word_1_87' title='bbox 888 1837 1005 1917; x_wconf 86' lang='lat' dir='ltr'><strong>parati:</strong></span> 
     </span>
     <span class='ocr_line' id='line_1_18' title="bbox 258 1919 897 2001; baseline -0.002 -20"><span class='ocrx_word' id='word_1_88' title='bbox 258 1919 335 1982; x_wconf 82' lang='lat' dir='ltr'><strong>Inde</strong></span> <span class='ocrx_word' id='word_1_89' title='bbox 349 1939 443 2001; x_wconf 78' lang='lat' dir='ltr'><strong>sopor</strong></span> <span class='ocrx_word' id='word_1_90' title='bbox 457 1921 546 1980; x_wconf 84' lang='lat' dir='ltr'><strong>nobis</strong></span> <span class='ocrx_word' id='word_1_91' title='bbox 561 1927 595 1980; x_wconf 83' lang='lat' dir='ltr'><strong>et</strong></span> <span class='ocrx_word' id='word_1_92' title='bbox 607 1919 712 2000; x_wconf 85' lang='lat' dir='ltr'><strong>placet</strong></span> <span class='ocrx_word' id='word_1_93' title='bbox 726 1919 897 2000; x_wconf 73' lang='lat' dir='ltr'><strong>olta&#39;quica.</strong></span> 
     </span>
    </p>

    <p class='ocr_par' dir='ltr' id='par_1_13' title="bbox 195 2002 1174 2167">
     <span class='ocr_line' id='line_1_19' title="bbox 195 2002 1120 2084; baseline -0.008 -17"><span class='ocrx_word' id='word_1_94' title='bbox 195 2003 297 2068; x_wconf 73' lang='grc' dir='ltr'><strong>δΤιιιι</strong></span> <span class='ocrx_word' id='word_1_95' title='bbox 312 2003 392 2065; x_wconf 90' lang='lat' dir='ltr'><strong>mala</strong></span> <span class='ocrx_word' id='word_1_96' title='bbox 406 2023 461 2064; x_wconf 92' lang='lat' dir='ltr'><strong>cur</strong></span> <span class='ocrx_word' id='word_1_97' title='bbox 474 2005 570 2082; x_wconf 78' lang='lat' dir='ltr'><strong>igitur</strong></span> <span class='ocrx_word' id='word_1_98' title='bbox 585 2003 725 2064; x_wconf 84' lang='lat' dir='ltr'><strong>dedorim</strong></span> <span class='ocrx_word' id='word_1_99' title='bbox 741 2003 797 2066; x_wconf 86' lang='lat' dir='ltr'><strong>tibi</strong></span> <span class='ocrx_word' id='word_1_100' title='bbox 812 2005 962 2081; x_wconf 85' lang='lat' dir='ltr'><strong>carmina,</strong></span> <span class='ocrx_word' id='word_1_101' title='bbox 985 2002 1120 2084; x_wconf 71' lang='lat' dir='ltr'><strong>quaeris?</strong></span> 
     </span>
     <span class='ocr_line' id='line_1_20' title="bbox 257 2059 1174 2167; baseline -0.002 -18"><span class='ocrx_word' id='word_1_102' title='bbox 257 2087 386 2149; x_wconf 79' lang='lat' dir='ltr'><strong>Alcinoo</strong></span> <span class='ocrx_word' id='word_1_103' title='bbox 400 2084 518 2148; x_wconf 89' lang='lat' dir='ltr'><strong>nullum</strong></span> <span class='ocrx_word' id='word_1_104' title='bbox 531 2107 621 2167; x_wconf 90' lang='lat' dir='ltr'><strong>poma</strong></span> <span class='ocrx_word' id='word_1_105' title='bbox 634 2085 757 2148; x_wconf 71' lang='lat' dir='ltr'><strong>deniare</strong></span> <span class='ocrx_word' id='word_1_106' title='bbox 770 2087 881 2167; x_wconf 78' lang='lat' dir='ltr'><strong>putaa‘l</strong></span> <span class='ocrx_word' id='word_1_107' title='bbox 913 2103 919 2114; x_wconf 91' lang='lat'><em>·</em></span> <span class='ocrx_word' id='word_1_108' title='bbox 1172 2059 1174 2156; x_wconf 67' lang='lat' dir='ltr'><strong>l</strong></span> 
     </span>
    </p>
   </div>
   <div class='ocr_carea' id='block_1_8' title="bbox 595 2221 698 2282">
    <p class='ocr_par' dir='ltr' id='par_1_14' title="bbox 595 2221 698 2282">
     <span class='ocr_line' id='line_1_21' title="bbox 595 2221 698 2282; baseline 0 0"><span class='ocrx_word' id='word_1_109' title='bbox 595 2221 698 2282; x_wconf 86' lang='lat' dir='ltr'><strong>XLlll.</strong></span> 
     </span>
    </p>
   </div>
   <div class='ocr_carea' id='block_1_9' title="bbox 214 2335 1170 2670">
    <p class='ocr_par' dir='ltr' id='par_1_15' title="bbox 214 2335 1125 2500">
     <span class='ocr_line' id='line_1_22' title="bbox 214 2335 1125 2418; baseline -0.005 -19"><span class='ocrx_word' id='word_1_110' title='bbox 214 2337 351 2399; x_wconf 81' lang='lat' dir='ltr'><strong>Primum</strong></span> <span class='ocrx_word' id='word_1_111' title='bbox 365 2345 428 2416; x_wconf 76' lang='lat' dir='ltr'><strong>eat,</strong></span> <span class='ocrx_word' id='word_1_112' title='bbox 449 2342 484 2397; x_wconf 86' lang='lat' dir='ltr'><strong>ut</strong></span> <span class='ocrx_word' id='word_1_113' title='bbox 496 2345 654 2418; x_wconf 72' lang='lat' dir='ltr'><strong>practica,</strong></span> <span class='ocrx_word' id='word_1_114' title='bbox 677 2338 704 2398; x_wconf 85' lang='lat' dir='ltr'><strong>ai</strong></span> <span class='ocrx_word' id='word_1_115' title='bbox 717 2335 792 2416; x_wconf 81' lang='lat' dir='ltr'><strong>quid</strong></span> <span class='ocrx_word' id='word_1_116' title='bbox 805 2343 855 2414; x_wconf 81' lang='lat' dir='ltr'><strong>to,</strong></span> <span class='ocrx_word' id='word_1_117' title='bbox 877 2336 991 2414; x_wconf 72' lang='lat' dir='ltr'><strong>cinna,</strong></span> <span class='ocrx_word' id='word_1_118' title='bbox 1012 2336 1125 2415; x_wconf 78' lang='lat' dir='ltr'><strong>rogabo:</strong></span> 
     </span>
     <span class='ocr_line' id='line_1_23' title="bbox 256 2419 1042 2500; baseline -0.003 -17"><span class='ocrx_word' id='word_1_119' title='bbox 256 2419 337 2483; x_wconf 88' lang='lat' dir='ltr'><strong>lllud</strong></span> <span class='ocrx_word' id='word_1_120' title='bbox 352 2419 465 2482; x_wconf 84' lang='lat' dir='ltr'><strong>deinde</strong></span> <span class='ocrx_word' id='word_1_121' title='bbox 480 2439 630 2500; x_wconf 77' lang='lat' dir='ltr'><strong>coquens,</strong></span> <span class='ocrx_word' id='word_1_122' title='bbox 652 2426 687 2481; x_wconf 87' lang='lat' dir='ltr'><strong>ut</strong></span> <span class='ocrx_word' id='word_1_123' title='bbox 701 2422 779 2499; x_wconf 86' lang='lat' dir='ltr'><strong>cito,</strong></span> <span class='ocrx_word' id='word_1_124' title='bbox 800 2421 915 2498; x_wconf 81' lang='lat' dir='ltr'><strong>(lirina,</strong></span> <span class='ocrx_word' id='word_1_125' title='bbox 936 2435 1042 2498; x_wconf 75' lang='lat' dir='ltr'><strong>noges.</strong></span> 
     </span>
    </p>

    <p class='ocr_par' dir='ltr' id='par_1_16' title="bbox 214 2485 1170 2670">
     <span class='ocr_line' id='line_1_24' title="bbox 214 2485 1170 2587; baseline -0.003 -22"><span class='ocrx_word' id='word_1_126' title='bbox 214 2503 316 2584; x_wconf 80' lang='lat' dir='ltr'><strong>Diligo</strong></span> <span class='ocrx_word' id='word_1_127' title='bbox 330 2512 556 2587; x_wconf 69' lang='lat' dir='ltr'><strong>praestantem</strong></span> <span class='ocrx_word' id='word_1_128' title='bbox 577 2525 639 2565; x_wconf 94' lang='lat' dir='ltr'><strong>non</strong></span> <span class='ocrx_word' id='word_1_129' title='bbox 654 2502 723 2583; x_wconf 86' lang='lat' dir='ltr'><strong>odi,</strong></span> <span class='ocrx_word' id='word_1_130' title='bbox 744 2506 859 2581; x_wconf 79' lang='lat' dir='ltr'><strong>Cinna,</strong></span> <span class='ocrx_word' id='word_1_131' title='bbox 878 2509 1058 2584; x_wconf 81' lang='lat' dir='ltr'><strong>negantem:</strong></span> <span class='ocrx_word' id='word_1_132' title='bbox 1169 2485 1170 2556; x_wconf 78' lang='lat' dir='ltr'><strong>l</strong></span> 
     </span>
     <span class='ocr_line' id='line_1_25' title="bbox 257 2587 1037 2670; baseline -0.003 -20"><span class='ocrx_word' id='word_1_133' title='bbox 257 2587 320 2650; x_wconf 82' lang='lat' dir='ltr'><strong>Sed</strong></span> <span class='ocrx_word' id='word_1_134' title='bbox 335 2596 368 2649; x_wconf 82' lang='lat' dir='ltr'><strong>tu</strong></span> <span class='ocrx_word' id='word_1_135' title='bbox 381 2596 609 2670; x_wconf 62' lang='lat' dir='ltr'><strong>neomaenias,</strong></span> <span class='ocrx_word' id='word_1_136' title='bbox 626 2607 685 2648; x_wconf 85' lang='lat' dir='ltr'><strong>nec</strong></span> <span class='ocrx_word' id='word_1_137' title='bbox 700 2589 779 2666; x_wconf 86' lang='lat' dir='ltr'><strong>cito,</strong></span> <span class='ocrx_word' id='word_1_138' title='bbox 798 2589 913 2666; x_wconf 80' lang='lat' dir='ltr'><strong>cinna,</strong></span> <span class='ocrx_word' id='word_1_139' title='bbox 934 2606 1037 2666; x_wconf 81' lang='lat' dir='ltr'><strong>negas.</strong></span> 
     </span>
    </p>
   </div>
   <div class='ocr_carea' id='block_1_10' title="bbox 599 2681 1168 2785">
    <p class='ocr_par' dir='ltr' id='par_1_17' title="bbox 599 2681 1168 2785">
     <span class='ocr_line' id='line_1_26' title="bbox 599 2681 1168 2785; baseline 0 -1"><span class='ocrx_word' id='word_1_140' title='bbox 599 2722 707 2785; x_wconf 79' lang='lat' dir='ltr'><strong>xnv.</strong></span> <span class='ocrx_word' id='word_1_141' title='bbox 1167 2681 1168 2756; x_wconf 78' lang='lat' dir='ltr'><strong>i</strong></span> 
     </span>
    </p>
   </div>
   <div class='ocr_carea' id='block_1_11' title="bbox 1165 2775 1167 2858">
    <p class='ocr_par' dir='ltr' id='par_1_18' title="bbox 1165 2775 1167 2858">
     <span class='ocr_line' id='line_1_27' title="bbox 1165 2775 1167 2858; baseline 0 0"><span class='ocrx_word' id='word_1_142' title='bbox 1165 2775 1167 2858; x_wconf 78' lang='lat' dir='ltr'><strong>i</strong></span> 
     </span>
    </p>
   </div>
   <div class='ocr_carea' id='block_1_12' title="bbox 160 2833 1042 3502">
    <p class='ocr_par' dir='ltr' id='par_1_19' title="bbox 160 2833 1042 3502">
     <span class='ocr_line' id='line_1_28' title="bbox 211 2833 1003 2914; baseline -0.003 -18"><span class='ocrx_word' id='word_1_143' title='bbox 211 2834 364 2897; x_wconf 72' lang='lat' dir='ltr'><strong>Maximus</strong></span> <span class='ocrx_word' id='word_1_144' title='bbox 376 2834 432 2897; x_wconf 87' lang='lat' dir='ltr'><strong>illc</strong></span> <span class='ocrx_word' id='word_1_145' title='bbox 448 2842 533 2913; x_wconf 83' lang='lat' dir='ltr'><strong>tuus,</strong></span> <span class='ocrx_word' id='word_1_146' title='bbox 556 2835 665 2914; x_wconf 81' lang='lat' dir='ltr'><strong>ovidi,</strong></span> <span class='ocrx_word' id='word_1_147' title='bbox 688 2835 856 2897; x_wconf 72' lang='lat' dir='ltr'><strong>Caesonius</strong></span> <span class='ocrx_word' id='word_1_148' title='bbox 871 2833 922 2894; x_wconf 88' lang='lat' dir='ltr'><strong>lric</strong></span> <span class='ocrx_word' id='word_1_149' title='bbox 937 2840 1003 2911; x_wconf 82' lang='lat' dir='ltr'><strong>cot,</strong></span> 
     </span>
     <span class='ocr_line' id='line_1_29' title="bbox 255 2919 903 2981; baseline -0.005 -1"><span class='ocrx_word' id='word_1_150' title='bbox 255 2919 349 2981; x_wconf 76' lang='lat' dir='ltr'><strong>cuius</strong></span> <span class='ocrx_word' id='word_1_151' title='bbox 365 2919 463 2981; x_wconf 88' lang='lat' dir='ltr'><strong>adhuc</strong></span> <span class='ocrx_word' id='word_1_152' title='bbox 478 2919 592 2980; x_wconf 83' lang='lat' dir='ltr'><strong>voltum</strong></span> <span class='ocrx_word' id='word_1_153' title='bbox 607 2919 707 2980; x_wconf 83' lang='lat' dir='ltr'><strong>vivida</strong></span> <span class='ocrx_word' id='word_1_154' title='bbox 722 2938 794 2980; x_wconf 86' lang='lat' dir='ltr'><strong>cera</strong></span> <span class='ocrx_word' id='word_1_155' title='bbox 807 2923 903 2979; x_wconf 73' lang='lat' dir='ltr'><strong>tonet</strong></span> 
     </span>
     <span class='ocr_line' id='line_1_30' title="bbox 212 3000 1042 3065; baseline -0.001 -3"><span class='ocrx_word' id='word_1_156' title='bbox 212 3003 302 3063; x_wconf 87' lang='lat' dir='ltr'><strong>Hunc</strong></span> <span class='ocrx_word' id='word_1_157' title='bbox 317 3003 401 3064; x_wconf 79' lang='lat' dir='ltr'><strong>Nero</strong></span> <span class='ocrx_word' id='word_1_158' title='bbox 420 3003 587 3064; x_wconf 85' lang='lat' dir='ltr'><strong>damnavit:</strong></span> <span class='ocrx_word' id='word_1_159' title='bbox 607 3001 664 3065; x_wconf 84' lang='lat' dir='ltr'><strong>aod</strong></span> <span class='ocrx_word' id='word_1_160' title='bbox 676 3011 710 3064; x_wconf 78' lang='lat' dir='ltr'><strong>tu</strong></span> <span class='ocrx_word' id='word_1_161' title='bbox 726 3002 870 3064; x_wconf 85' lang='lat' dir='ltr'><strong>damnare</strong></span> <span class='ocrx_word' id='word_1_162' title='bbox 885 3000 1042 3064; x_wconf 81' lang='lat' dir='ltr'><strong>Naronem</strong></span> 
     </span>
     <span class='ocr_line' id='line_1_31' title="bbox 160 3087 971 3167; baseline 0.004 -20"><span class='ocrx_word' id='word_1_163' title='bbox 160 3119 161 3122; x_wconf 16' lang='grc' dir='ltr'><strong>κ</strong></span> <span class='ocrx_word' id='word_1_164' title='bbox 255 3087 356 3148; x_wconf 84' lang='lat' dir='ltr'><strong>Anaua</strong></span> <span class='ocrx_word' id='word_1_165' title='bbox 372 3106 406 3147; x_wconf 82' lang='lat' dir='ltr'><strong>oa</strong></span> <span class='ocrx_word' id='word_1_166' title='bbox 421 3093 454 3147; x_wconf 87' lang='lat' dir='ltr'><strong>et</strong></span> <span class='ocrx_word' id='word_1_167' title='bbox 467 3087 609 3167; x_wconf 78' lang='lat' dir='ltr'><strong>profugi,</strong></span> <span class='ocrx_word' id='word_1_168' title='bbox 630 3093 775 3166; x_wconf 81' lang='lat' dir='ltr'><strong>nonina,</strong></span> <span class='ocrx_word' id='word_1_169' title='bbox 795 3088 860 3147; x_wconf 83' lang='lat' dir='ltr'><strong>fata</strong></span> <span class='ocrx_word' id='word_1_170' title='bbox 873 3088 971 3164; x_wconf 83' lang='lat' dir='ltr'><strong>acqui.</strong></span> 
     </span>
     <span class='ocr_line' id='line_1_32' title="bbox 190 3169 1029 3252; baseline -0.002 -20"><span class='ocrx_word' id='word_1_171' title='bbox 190 3170 359 3250; x_wconf 75' lang='lat' dir='ltr'><strong>cnequora</strong></span> <span class='ocrx_word' id='word_1_172' title='bbox 375 3189 434 3251; x_wconf 84' lang='lat' dir='ltr'><strong>por</strong></span> <span class='ocrx_word' id='word_1_173' title='bbox 449 3169 573 3249; x_wconf 77' lang='lat' dir='ltr'><strong>Scyllae</strong></span> <span class='ocrx_word' id='word_1_174' title='bbox 587 3190 713 3252; x_wconf 76' lang='lat' dir='ltr'><strong>magnus</strong></span> <span class='ocrx_word' id='word_1_175' title='bbox 729 3189 833 3233; x_wconf 82' lang='lat' dir='ltr'><strong>comeo</strong></span> <span class='ocrx_word' id='word_1_176' title='bbox 848 3169 944 3231; x_wconf 81' lang='lat' dir='ltr'><strong>exalia</strong></span> <span class='ocrx_word' id='word_1_177' title='bbox 957 3171 1029 3250; x_wconf 80' lang='lat' dir='ltr'><strong>icti,</strong></span> 
     </span>
     <span class='ocr_line' id='line_1_33' title="bbox 254 3251 912 3330; baseline 0 -16"><span class='ocrx_word' id='word_1_178' title='bbox 254 3255 314 3330; x_wconf 79' lang='lat' dir='ltr'><strong>Qui</strong></span> <span class='ocrx_word' id='word_1_179' title='bbox 327 3253 420 3315; x_wconf 86' lang='lat' dir='ltr'><strong>modo</strong></span> <span class='ocrx_word' id='word_1_180' title='bbox 433 3251 577 3315; x_wconf 86' lang='lat' dir='ltr'><strong>nolueraa</strong></span> <span class='ocrx_word' id='word_1_181' title='bbox 591 3253 728 3316; x_wconf 81' lang='lat' dir='ltr'><strong>conculia</strong></span> <span class='ocrx_word' id='word_1_182' title='bbox 740 3256 786 3317; x_wconf 82' lang='lat' dir='ltr'><strong>iro</strong></span> <span class='ocrx_word' id='word_1_183' title='bbox 800 3272 912 3316; x_wconf 79' lang='lat' dir='ltr'><strong>cornea.</strong></span> 
     </span>
     <span class='ocr_line' id='line_1_34' title="bbox 212 3334 932 3400; baseline 0.003 -4"><span class='ocrx_word' id='word_1_184' title='bbox 212 3334 246 3396; x_wconf 85' lang='lat' dir='ltr'><strong>Si</strong></span> <span class='ocrx_word' id='word_1_185' title='bbox 259 3339 377 3398; x_wconf 70' lang='lat' dir='ltr'><strong>victura</strong></span> <span class='ocrx_word' id='word_1_186' title='bbox 391 3338 468 3398; x_wconf 84' lang='lat' dir='ltr'><strong>mola</strong></span> <span class='ocrx_word' id='word_1_187' title='bbox 481 3337 664 3399; x_wconf 85' lang='lat' dir='ltr'><strong>mandantur</strong></span> <span class='ocrx_word' id='word_1_188' title='bbox 680 3341 803 3400; x_wconf 89' lang='lat' dir='ltr'><strong>nomlna</strong></span> <span class='ocrx_word' id='word_1_189' title='bbox 817 3338 932 3400; x_wconf 71' lang='lat' dir='ltr'><strong>chariin</strong></span> 
     </span>
     <span class='ocr_line' id='line_1_35' title="bbox 254 3419 994 3502; baseline 0.004 -22"><span class='ocrx_word' id='word_1_190' title='bbox 254 3419 296 3480; x_wconf 76' lang='lat' dir='ltr'><strong>Et</strong></span> <span class='ocrx_word' id='word_1_191' title='bbox 309 3420 356 3480; x_wconf 83' lang='lat' dir='ltr'><strong>faa</strong></span> <span class='ocrx_word' id='word_1_192' title='bbox 371 3426 420 3480; x_wconf 82' lang='lat' dir='ltr'><strong>eat</strong></span> <span class='ocrx_word' id='word_1_193' title='bbox 436 3421 534 3480; x_wconf 84' lang='lat' dir='ltr'><strong>cineri</strong></span> <span class='ocrx_word' id='word_1_194' title='bbox 548 3439 598 3482; x_wconf 86' lang='lat' dir='ltr'><strong>mc</strong></span> <span class='ocrx_word' id='word_1_195' title='bbox 613 3439 778 3502; x_wconf 83' lang='lat' dir='ltr'><strong>auporeaac</strong></span> <span class='ocrx_word' id='word_1_196' title='bbox 795 3441 879 3484; x_wconf 87' lang='lat' dir='ltr'><strong>roeo:</strong></span> <span class='ocrx_word' id='word_1_197' title='bbox 990 3445 994 3450; x_wconf 94' lang='lat'>·</span> 
     </span>
    </p>
   </div>
   <div class='ocr_carea' id='block_1_13' title="bbox 0 0 1200 3888">
    <p class='ocr_par' dir='ltr' id='par_1_20' title="bbox 0 0 1200 3888">
     <span class='ocr_line' id='line_1_36' title="bbox 0 0 1200 3888; baseline 0 9"><span class='ocrx_word' id='word_1_198' title='bbox 0 0 1200 3888; x_wconf 95' lang='lat' dir='ltr'><strong> </strong></span> 
     </span>
    </p>
   </div>
  </div>
 </body>
</html>
