2426 3900
238 201 241 208 ’
310 189 650 254 EPIGRAMMATON
666 189 739 251 LIB.
758 189 806 251 lll.
1034 189 1075 252 61

533 388 581 449 lll.

107 503 299 582 [Formosam
312 501 424 561 faciem
437 503 527 579 nigro
542 500 744 563 medicamine
759 502 857 581 celas,

160 584 225 646 Sed
237 605 301 647 non
312 586 448 645 formoso
464 602 596 662 corpore
610 585 709 646 laedis
725 604 826 662 aquas.

117 669 218 750 Ipsam
233 667 328 730 crede
344 665 433 726 dcam
445 668 549 727 verbis
563 669 621 728 tibi
637 667 743 728 dicere
757 670 889 729 nostris:

159 754 245 830 „Aut
261 751 348 832 aperi
361 749 489 827 faciem,
512 756 564 809 aut
576 753 712 812 tunicata
725 749 837 831 lava.“}

529 900 581 962 lV.

118 1013 247 1074 Romam
261 1015 355 1092 vade,
374 1014 477 1078 liber:
499 1018 542 1094 sl,
563 1017 687 1076 veneris
702 1012 801 1094 unde,
823 1014 980 1093 requiret,

160 1096 314 1158 Aemiliae
328 1098 414 1159 dices
429 1097 469 1160 de
484 1100 704 1178 regionariae.

118 1181 169 1259 Si,
192 1182 302 1261 quibus
317 1183 351 1242 in
366 1185 478 1260 terris,
500 1202 560 1260 qua
573 1184 666 1244 simus
680 1184 714 1241 in
728 1181 806 1241 urbe
825 1181 963 1260 rogabit,

161 1263 290 1325 Corneli
303 1266 423 1325 referes
438 1267 487 1326 me
501 1265 579 1326 licet
593 1284 662 1326 esse
674 1266 768 1326 Foro.

95 1349 186 1411 50ur
201 1348 313 1425 absim,
335 1356 481 1428 quaeret:
501 1350 640 1409 breviter
653 1357 688 1408 tu
701 1347 797 1408 multa
810 1349 927 1408 fatere:

161 1429 252 1507 „Non
266 1438 390 1511 poterat
402 1451 497 1492 nanae
512 1432 615 1493 taedia
631 1433 717 1493 ferre
732 1432 856 1510 togae.“

118 1512 271 1592 „Quando
287 1516 417 1575 ιιιιίιὶιιι
431 1516 534 1576 dicet:
552 1525 587 1576 tu
601 1513 808 1594 respondeto:
829 1516 949 1593 „Poeta

161 1598 304 1658 Exierat:
325 1600 447 1677 veniet,
470 1619 537 1658 cum
553 1596 750 1684 citharoedus
766 1597 860 1659 erit.“

536 1733 575 1795 V.

118 1843 176 1904 Vis
192 1841 399 1904 commendari
414 1847 481 1905 sine
495 1864 544 1905 me
559 1866 704 1906 cursurus
718 1847 752 1905 in
764 1848 892 1922 urbem,

160 1926 259 1986 Parve
273 1924 371 2004 liber,
392 1926 513 2008 multis,
535 1949 573 1988 ιιι
587 1931 661 1989 ιιιίι
675 1949 753 1989 nnus
767 1930 851 1990 criti

117 2009 206 2070 Unus
224 2012 300 2088 erit,
322 2010 524 2088 mihicrede,
547 2014 638 2089 satis,
662 2015 710 2072 cui
723 2031 786 2072 non
800 2013 862 2072 eris
877 2012 1008 2090 hospes,

161 2091 272 2171 lulius,
295 2093 449 2153 assiduum
464 2114 577 2154 nomen
591 2097 623 2154 iu
639 2115 694 2155 ore
710 2114 790 2164 meo.

96 2175 267 2236 5Protinus
278 2177 360 2236 huno
373 2179 491 2256 primae
507 2196 637 2256 quaeres
654 2180 686 2238 in
700 2178 807 2238 limine
823 2178 956 2237 'l'eotaez

162 2259 246 2333 Quos
261 2261 363 2318 tenuit
375 2261 528 2340 Daphnis,
550 2280 631 2320 nunc
644 2269 734 2320 tenet
746 2260 821 2337 ille,
838 2259 931 2320 lares.

117 2341 177 2402 Est
189 2340 238 2404 illi
254 2343 400 2424 coniunx,
423 2363 501 2422 quae
514 2351 548 2402 te
563 2341 764 2423 manibusque
779 2345 909 2422 sinuque

160 2425 319 2505 Excipiet,
341 2434 375 2485 tu
388 2427 439 2486 vel
452 2425 686 2505 pulverulentus
701 2445 763 2488 eas.

118 2508 186 2567 Hos
201 2516 235 2567 tu
255 2528 310 2568 ιιιι
323 2511 443 2587 pariter
458 2512 522 2571 sive
540 2511 618 2570 hanc
632 2509 757 2571 illumve
771 2510 909 2589 priorem

75 2601 112 2652 10
160 2591 303 2669 Videris,
326 2593 386 2652 hoc
402 2592 486 2654 dices
502 2595 648 2672 „Marcus
665 2613 756 2654 avere
769 2591 890 2670 iubet,“

117 2675 161 2734 Et
175 2676 249 2734 satis
265 2682 330 2735 esta·
353 2675 430 2736 alios
447 2677 641 2738 commendet
656 2676 803 2758 epistola:
822 2683 933 2756 peccat

161 2757 220 2832 Qui
237 2757 511 2819 commendandum
528 2779 561 2818 se
576 2767 665 2840 putat
683 2779 752 2820 esse
768 2761 839 2820 suis.

525 2893 578 2956 Vl.

117 3002 186 3062 Lux
200 3005 257 3064 tibi
270 3011 343 3082 post
355 3004 426 3064 Idus
441 3013 621 3065 numeratur
634 3007 728 3065 tertia
742 3005 858 3082 Maias,

160 3085 367 3166 Marcelline,
389 3089 450 3148 tuis
465 3090 513 3149 bis
529 3088 715 3148 celebranda
730 3089 835 3150 ιιιιίι.

116 3168 253 3246 Imputat
267 3172 423 3231 aetherios
439 3179 525 3232 ortus
540 3173 617 3232 haec
632 3174 731 3252 prima
744 3173 884 3252 parenti,

161 3251 254 3312 Libat
266 3255 417 3315 florentes
430 3256 506 3315 haec
520 3257 578 3316 tibi
595 3257 694 3336 prima
709 3273 811 3333 genas.

93 3333 235 3410 amagna
248 3333 326 3396 licet
339 3335 464 3398 dederit
476 3338 628 3398 iucundae
643 3357 769 3398 munera
783 3340 879 3416 vitae,

157 3415 238 3504 'Plus
254 3437 409 3499 nunquam
425 3423 507 3500 patri
521 3423 679 3503 praestitit
692 3420 746 3483 ille
763 3419 839 3480 dies.
