2426 3900
354 208 695 269 EPIGRAMMATON
708 209 782 273 LIB.
799 211 821 272 l.
1066 213 1107 276 25

540 410 630 474 LVII.

149 522 297 604 Qualem,
318 524 448 604 Flacce,
469 524 562 586 velim
578 529 701 604 quaeris
716 527 848 587 nolimve
864 525 1024 608 puellam?

190 606 272 668 Nolo
287 610 378 669 nimis
393 609 518 670 facilem
534 609 754 690 difficilemque
767 610 871 672 nimis.

147 691 228 752 lllud
242 692 325 771 quod
337 693 471 753 medium
486 700 535 754 est
548 700 641 772 atque
651 696 736 754 inter
746 701 910 772 utrumque
925 697 1103 775 probamus?

189 778 254 836 Nec
267 775 337 837 volo
355 776 438 856 quod
453 779 585 856 cruciat,
606 796 665 838 uec
679 776 749 838 volo
763 777 845 857 quod
860 779 958 840 satiat.

535 911 639 972 LVIII.

146 1019 238 1081 Milia
251 1042 309 1101 pro
323 1042 423 1103 puero
438 1031 561 1084 centum
576 1043 625 1084 me
641 1043 749 1102 mango
764 1025 922 1103 poposcit:

188 1105 255 1164 Risi
271 1125 346 1184 ego,
369 1106 426 1166 aed
439 1109 585 1168 Phoebus
600 1109 741 1188 protinus
756 1104 811 1167 Illa
826 1106 921 1167 dedit.

145 1189 216 1248 Hoc
231 1187 317 1249 dolet
332 1197 364 1250 et
379 1193 520 1268 queritur
536 1190 575 1251 de
590 1210 639 1250 me
654 1209 723 1250 mea
736 1188 873 1250 mentula
887 1211 992 1252 secum

188 1272 405 1352 Laudaturque
420 1293 518 1335 meam
532 1275 678 1335 Phoebus
691 1276 723 1334 in
738 1273 892 1335 iuvidiam.

121 1355 213 1419 osea
227 1357 437 1440 sestertiolum
453 1358 578 1419 donavit
593 1357 730 1418 mentula
744 1358 871 1418 Phoebo

189 1440 241 1499 Bis
257 1438 397 1501 deciens:
421 1442 481 1502 hoc
497 1441 583 1502 datu
602 1443 694 1520 mihi,
715 1439 815 1522 pluris
831 1459 937 1502 ernam.

548 1575 625 1636 LIX.

144 1689 207 1747 Dat
225 1689 338 1748 Baiana
353 1689 428 1748 mibi
444 1689 631 1768 quadrantes
647 1686 787 1769 sportula
803 1693 934 1750 centum.

189 1772 274 1830 Inter
292 1771 418 1832 delicias
436 1772 511 1850 quid
524 1773 600 1833 facit
614 1774 674 1832 ista
687 1771 809 1832 fames?

142 1852 255 1915 Redde
271 1856 351 1935 Lupi
365 1857 454 1915 nobis
470 1858 697 1936 tenebrosaque
713 1853 824 1916 balnea
840 1853 956 1934 Grylli:

189 1938 266 1998 'Iam
281 1937 362 1999 male
377 1959 444 2000 cum
460 1958 580 2022 cenem,
607 1960 661 2000 cur
676 1943 773 2018 bene,
794 1936 921 2016 Flacca,
939 1939 1046 2000 laver?

547 2091 610 2151 LX.

141 2202 246 2260 Intres
261 2199 360 2278 ampla
373 2198 451 2260 licet
464 2203 544 2261 torvi
558 2199 650 2281 lcpus
666 2223 720 2261 ora
733 2199 854 2279 leonis,

126 2315 132 2328 ·
187 2285 265 2344 Esse
281 2289 382 2343 tamen
397 2304 491 2344 vacuo
507 2303 541 2343 se
555 2282 607 2343 leo
619 2284 718 2358 dente
733 2291 829 2365 putat.

142 2366 236 2444 Quod
250 2372 321 2426 ruet
336 2368 369 2426 iu
383 2375 505 2446 tergum
520 2366 570 2426 vel
588 2387 663 2444 quos
678 2369 862 2446 procumbet
874 2367 906 2425 in
924 2387 1041 2448 armos,

187 2448 261 2511 Alta
274 2451 473 2511 iuvencorum
487 2451 617 2511 vulnera
630 2452 707 2530 liget
721 2451 798 2512 abi?
900 2521 905 2526 ,

117 2533 229 2610 5Quid
243 2535 360 2594 frustra
373 2537 533 2594 nemorum
548 2535 703 2596 dominum
718 2553 885 2614 regemque
899 2534 1032 2612 fatIgasi

187 2619 254 2678 Nou
268 2619 329 2677 nisi
345 2616 467 2679 delecta
481 2621 618 2698 pascitur
633 2619 686 2680 ille
701 2621 779 2683 fera.

540 2753 617 2814 LXI.

140 2865 269 2928 Verona
285 2865 369 2925 docti
384 2863 517 2944 syllabas
533 2875 612 2928 amat
626 2869 720 2944 vatis,

185 2949 317 3009 Marone
331 2947 408 3008 felix
422 2951 550 3010 Mantua
565 2958 628 3027 est,

139 3035 298 3094 Censetur
313 3033 422 3112 Apona
438 3033 523 3093 Liuio
538 3054 593 3094 suo
611 3033 702 3095 tellus

186 3115 347 3195 Stellaque
362 3134 421 3175 uec
434 3115 547 3176 Flacco
563 3119 679 3195 miuus,

114 3199 334 3279 5Apollodoro
352 3197 472 3280 plaudit
485 3201 627 3260 imbrifer
646 3200 749 3278 Nilus,

182 3281 306 3343 Nasone
320 3280 444 3361 Peligni
458 3291 584 3362 sonant,

138 3369 288 3444 Duosque
304 3367 440 3431 Senecas
454 3368 639 3447 unicumque
654 3369 810 3428 Lucanum

180 3448 329 3510 Facunda
341 3450 480 3528 loquitur
496 3450 656 3528 Corduba,
