2392 3888
333 221 673 284 EPIGRAMMA'I'ON
687 225 761 290 LlB.
777 227 854 290 Vlll.
1048 229 1109 295 189

152 370 301 449 Diligeris
315 373 429 452 populo
445 393 507 434 non
522 382 652 454 propter
666 380 817 456 praemia,
839 380 971 457 Cacsar,

194 456 329 535 Propter
343 463 375 515 te
389 456 521 536 populus
535 461 686 537 praemia,
709 462 839 540 Caesar,
862 475 951 523 amat.

557 587 621 649 LV.

153 695 286 755 Auditur
303 700 599 778 quantum'Massyla
614 718 672 780 per
686 703 751 760 avia
767 720 918 779 murmur,

111 783 120 800 ⁸
194 781 357 864 Innumero
374 784 516 860 quotiens
532 783 609 842 silva
623 783 714 844 leone
729 785 821 862 furit,

152 861 288 923 Pallidus
301 866 452 924 'attonitos
469 865 506 925 ad
520 867 625 926 Poena
640 868 770 946 mapalia
783 875 890 948 pastor

196 947 273 1006 Cum
289 955 414 1008 revocat
427 959 533 1009 tauros
548 959 580 1010 et
596 953 662 1010 sine
677 958 781 1011 mente
796 971 908 1030 pecus:

128 1029 275 1090 sranius
291 1033 322 1090 in
338 1033 475 1092 Ausonia
490 1033 616 1094 fremuit
631 1034 721 1094 modo
737 1043 841 1095 terror
856 1037 981 1097 harena.

197 1114 271 1189 Quis
286 1134 348 1174 non
364 1133 433 1175 ease
450 1135 576 1195 gregem
591 1119 758 1178 crederet?
781 1138 858 1178 unus
874 1129 957 1198 erat,

154 1196 216 1262 Sed
233 1195 317 1257 cuius
332 1207 507 1260 tremerent
519 1202 578 1280 ipsi
594 1221 716 1282 quoque
730 1204 796 1262 iura
810 1201 936 1283 leones,

194 1283 252 1340 Cui
268 1281 408 1344 diadema
424 1282 513 1344 daret
527 1306 678 1345 marmore
693 1287 776 1366 picta
789 1287 909 1347 Nomas.

154 1365 179 1424 0
197 1373 341 1444 quantum
357 1386 414 1447 per
429 1366 511 1428 colla
526 1367 637 1446 decus,
661 1389 748 1449 quem
765 1373 878 1449 sparsit
893 1374 1040 1434 honorem

109 1458 144 1509 1⁰
194 1450 296 1508 Aurea
309 1449 448 1529 lunatae,
469 1472 536 1511 cum
553 1455 656 1530 stetit,
678 1456 785 1513 umbra
800 1457 905 1520 iubae!

155 1533 291 1592 Grandia
307 1554 394 1612 quam
411 1533 515 1595 decuit
529 1536 623 1596 latum
640 1537 787 1608 venabula
801 1530 909 1616 pectus

197 1617 378 1696 Quantaque
393 1617 433 1678 de
449 1639 556 1697 magna
571 1618 678 1697 gaudia
693 1627 793 1680 morte
809 1619 894 1680 tulit!

153 1698 244 1760 Unde
261 1702 339 1778 tuis,
361 1703 477 1782 Libye,
500 1711 561 1762 tam
576 1701 653 1763 felix
668 1703 767 1782 gloria
782 1703 889 1764 silvis?

197 1785 223 1842 A
240 1784 375 1862 Cybeles
391 1786 538 1865 numquid
553 1796 681 1847 venerat
695 1787 749 1848 ille
764 1790 859 1868 iugo'?

108 1876 142 1928 15
153 1866 201 1927 An
217 1870 312 1946 magis
328 1868 502 1948 Herculeo,
525 1871 726 1950 Germanice,
749 1875 832 1933 misit
847 1876 884 1933 ab
900 1884 982 1934 astro

195 1951 283 2010 Hanc
298 1954 356 2012 tibi
371 1954 421 2017 vel
436 1955 550 2032 frater,
571 1954 622 2015 acl
637 1964 727 2036 pater
742 1959 810 2036 ipae
825 1957 922 2019 feram
931 1961 945 2015 'a’

548 2097 625 2158 LVl.

153 2205 359 2286 Temporibus
374 2210 488 2268 nustria
505 2217 588 2269 aetas
604 2230 672 2268 cum
688 2209 778 2268 cedat
794 2229 917 2268 avorum

194 2290 338 2351 Creverit
353 2299 386 2351 et
401 2294 498 2352 maior
514 2313 582 2352 cum
597 2292 676 2360 duce
690 2293 786 2351 Roma
800 2311 885 2368 suo,-

150 2373 310 2451 lngenium
325 2377 404 2435 sacri
420 2377 541 2435 miraris
557 2374 666 2436 deesse
682 2375 837 2450 Maronis,

192 2457 256 2516 Nec
273 2471 454 2537 quemquam
472 2467 555 2520 tanta
570 2457 655 2520 bella
669 2477 780 2518 sonare
797 2460 883 2518 tuba..
1039 2519 1042 2522 .

128 2539 233 2600 5Sunt
247 2542 465 2621 Maecenates,
486 2563 547 2602 non
565 2542 714 2620 deerunt,
736 2542 865 2619 Flacce‚
888 2542 1035 2602 Marones

73 2677 79 2684 .
193 2623 428 2704 Vergiliumque
443 2628 501 2687 tibi
514 2626 564 2686 vcl
580 2635 631 2687 tua
645 2648 718 2687 rura
733 2626 857 2687 dabunt.

149 2708 258 2785 iugera
272 2708 456 2788 perdiderat
469 2713 602 2771 miserae
615 2713 714 2770 vicina
730 2713 902 2771 Cremonae

192 2790 306 2853 Flebat
321 2800 353 2853 et
368 2792 513 2854 abductas
530 2795 659 2873 Tityrus
676 2803 768 2874 aeger
784 2811 865 2852 oves.

150 2874 231 2935 Risit
247 2876 366 2936 Tuscus
383 2895 496 2957 eques,
520 2885 796 2958 paupertatemque
812 2876 982 2955 malignam*

108 2966 143 3018 10
193 2958 343 3039 Reppulit
358 2969 391 3020 et
407 2960 505 3021 celeri
521 2963 610 3021 iussit
626 2963 711 3021 abire
727 2961 808 3040 fuga.

148 3043 288 3122 „Accipe
304 3043 426 3105 divitias
441 3051 474 3103 et
488 3053 589 3104 vatum
605 3047 750 3104 maximus
767 3052 852 3118 est03

193 3125 243 3186 Tu
256 3125 334 3187 licet
349 3134 382 3188 et
395 3131 557 3188 nostrum“
573 3128 650 3188 dixit
664 3128 799 3206 „Alexin
815 3132 931 3193 ames.“

146 3210 278 3271 Astabat
293 3209 408 3271 domini
424 3215 539 3272 mensis
554 3213 781 3292 pulcherrimus
797 3211 852 3272 ille

189 3294 369 3354 Marmorea
381 3294 516 3355 fundens
530 3299 618 3375 nigra
632 3296 766 3356 Falerna
781 3315 886 3372 manu,

103 3379 184 3439 rant
199 3377 294 3438 libata
310 3378 403 3439 dabat
417 3383 516 3440 roseis
531 3382 690 3440 carchesia
705 3379 820 3455 labris,

190 3463 275 3537 Quae
291 3470 438 3542 poterant
451 3466 550 3543 ipsum
565 3463 735 3522 sollicitare
751 3464 860 3522 lovem.
