2460 3878
317 239 804 309 nurnnannnronurau.
895 212 898 218 ’
1020 236 1121 309 ιιι

123 399 212 462 Voce
226 404 261 458 ut
274 395 420 476 loquatur
433 398 583 478 psittacus
599 399 766 457 coturnicis
885 407 898 428 ⁶

122 483 165 544 Et
180 483 378 560 concupiscat
394 499 462 540 esse
479 481 581 541 Canus
596 480 754 540 ascaules?

122 565 238 627 Procul
254 563 405 626 alibcllis'
415 567 502 643 nigra
517 566 557 624 sit
570 567 647 625 meis
662 566 757 642 fama,

80 651 208 726 loQuos
223 669 328 709 rumor
343 646 411 708 alba
426 661 580 727 gemmeus
594 650 680 708 vehit
693 650 794 728 pinna.

124 735 189 795 cur
203 751 261 812 ego
277 732 414 793 laborem
430 739 520 793 notus
534 751 603 793 esse
619 739 679 792 tam
694 750 804 812 prave,

124 818 277 879 Constare
292 817 387 895 gratis
403 836 469 877 cum
485 817 640 877 silentium
655 817 776 897 possit?

532 952 583 1015 lV.

123 1065 184 1141 Qui
197 1062 277 1142 legis
292 1061 476 1142 Oedipoden
494 1060 739 1142 caligantemque
755 1063 934 1144 Thyesten,

167 1144 331 1208 Colchidas
346 1154 380 1208 et
394 1146 530 1228 Scyllas,
553 1146 626 1226 quid
642 1148 702 1208 nisi
719 1156 855 1210 monstra
868 1150 969 1228 legis?

122 1230 206 1310 Quid
219 1232 277 1291 tibi
291 1236 397 1312 raptus
412 1231 525 1311 Hylas,
546 1230 621 1311 quid
634 1232 887 1313 Parthenopaeus
902 1241 935 1294 et
951 1235 1052 1314 Attis,

165 1313 247 1390 Quid
262 1315 319 1375 tibi
337 1313 489 1375 dormitor
503 1315 645 1395 proderit
659 1315 856 1397 Endymion?
1028 1327 1030 1332 '

97 1402 277 1474 bExuturvc
291 1418 370 1479 puer
386 1400 488 1478 pinnis
502 1397 703 1459 labentibus?
725 1409 776 1462 aut
792 1403 844 1480 qui

164 1482 241 1544 Odit
249 1479 418 1544 'amatrices
431 1481 711 1562 Hermaphroditus
726 1485 842 1563 aquas?

121 1567 203 1646 Quid
219 1573 251 1628 te
265 1586 342 1627 vana
356 1568 460 1628 iuvant
473 1568 604 1627 miserae
618 1565 753 1627 ludibria
767 1569 915 1628 chartae?

164 1653 233 1711 Hoc
251 1649 341 1730 lege,
365 1650 446 1731 quod
460 1652 560 1731 possit
575 1649 681 1710 dicere
696 1653 758 1710 vita
771 1653 898 1730 „Meum
917 1651 998 1716 est.“

120 1736 191 1797 Nou
204 1735 256 1794 hic
271 1734 463 1812 centauros,
485 1754 546 1794 non
563 1734 723 1813 Gorgonas
737 1736 953 1816 Harpyiasque
982 1814 985 1820 Ι

76 1831 114 1883 10
163 1820 319 1880 Invenies:
341 1820 496 1879 bominem
509 1819 620 1899 pagina
634 1826 741 1879 nostra
756 1822 844 1900 sapit.

122 1901 188 1964 Sed
201 1922 263 1962 non
277 1903 339 1980 vis,
360 1902 534 1979 Mamurra,
556 1910 626 1962 tuos
641 1921 829 1982 cognoscere
843 1922 946 1964 mores

162 1987 275 2046 Necte
290 1987 386 2046 scire:
407 1985 492 2064 legas
507 1987 598 2050 Aetia
613 1985 803 2048 Callimachi.

122 2233 268 2310 Quisquis
288 2230 423 2308 stolaeve
436 2249 629 2310 purpuraeve
646 2236 841 2312 contemptor

123 2316 207 2390 Quos
223 2313 327 2375 colere
345 2312 456 2390 debet,
478 2313 571 2374 laesit
583 2315 677 2393 impio
692 2333 799 2394 versu,
888 2329 892 2335 ·

120 2400 218 2458 Erret
233 2417 290 2479 per
305 2399 412 2458 urbem
428 2398 532 2477 pontis
546 2396 617 2458 exul
631 2404 665 2457 et
679 2395 765 2477 olivi,

120 2484 269 2562 lnterque
284 2501 392 2542 raucos
407 2480 531 2542 ultimas
545 2489 707 2560 rogatores

99 2567 204 2630 50ret
219 2568 342 2626 caninas
357 2567 445 2647 panis
459 2566 593 2646 improbi
607 2566 727 2626 buccas.

57 2699 62 2706 .
120 2648 172 2711 llli
186 2651 359 2712 December
370 2647 481 2728 longus
497 2657 530 2711 et
544 2649 677 2711 madens.
685 2651 792 2710 bruma

120 2733 295 2814 Clususque
309 2733 411 2794 fornix
429 2735 519 2794 triste
533 2733 632 2812 frigus
648 2733 802 2795 extendat.

120 2819 224 2882 Vocet
238 2819 346 2878 beatos
361 2818 560 2897 clamitetque
572 2815 700 2894 felices,

121 2904 289 2963 Orciniana
304 2902 356 2980 qul
370 2901 515 2961 feruntur
527 2903 562 2961 in
580 2899 707 2980 sponda.

78 2989 161 3049 roAt
176 3006 245 3046 cum
259 3003 421 3067 supremae
434 2985 487 3045 fila
500 2987 645 3046 venerint
658 2984 755 3044 horae

119 3071 257 3151 Diesque
273 3067 396 3146 tardus,
418 3071 532 3131 sentiat
546 3088 654 3129 canum
667 3065 757 3128 litem

118 3154 295 3232 Abigatque
311 3159 395 3213 moto
413 3154 518 3214 noxias
535 3173 604 3214 aves
619 3171 737 3234 panuo;

115 3237 184 3298 Nec
197 3238 345 3297 finiantur
360 3242 460 3298 morte
477 3237 624 3317 supplicis
637 3254 773 3316 poenae,

117 3319 182 3382 Sed
196 3321 288 3381 modo
305 3321 405 3381 reveri
421 3321 632 3394 sectusrleaei
648 3319 740 3395 loris,

75 3403 205 3468 leunc
218 3405 352 3484 inquieti
366 3411 471 3465 monte
486 3405 611 3486 Sisyphi
625 3421 768 3484 pressas,

115 3489 206 3550 Nunc
219 3491 305 3549 inter
318 3487 416 3550 undas
432 3487 551 3568 garruli
565 3489 648 3550 senis
664 3486 761 3544 siccus
803 3561 870 3623 15*
923 3523 929 3534 ,
