<?xml version="1.0" encoding="UTF-8"?>
<!DOCTYPE html PUBLIC "-//W3C//DTD XHTML 1.0 Transitional//EN"
    "http://www.w3.org/TR/xhtml1/DTD/xhtml1-transitional.dtd">
<html xmlns="http://www.w3.org/1999/xhtml" xml:lang="en" lang="en">
 <head>
  <title>
</title>
<meta http-equiv="Content-Type" content="text/html;charset=utf-8" />
  <meta name='ocr-system' content='tesseract 3.04.00' />
  <meta name='ocr-capabilities' content='ocr_page ocr_carea ocr_par ocr_line ocrx_word'/>
</head>
<body>
  <div class='ocr_page' id='page_1' title='image "./diuniiiuvenalis02juvegoog_0064.png"; bbox 0 0 2500 3912; ppageno 0'>
   <div class='ocr_carea' id='block_1_1' title="bbox 454 242 633 291">
    <p class='ocr_par' dir='ltr' id='par_1_1' title="bbox 454 242 633 291">
     <span class='ocr_line' id='line_1_1' title="bbox 454 242 633 291; baseline 0 -1"><span class='ocrx_word' id='word_1_1' title='bbox 454 243 579 291; x_wconf 75' lang='lat' dir='ltr'><strong>sartan</strong></span> <span class='ocrx_word' id='word_1_2' title='bbox 600 242 633 290; x_wconf 86' lang='lat' dir='ltr'><strong>V.</strong></span> 
     </span>
    </p>
   </div>
   <div class='ocr_carea' id='block_1_2' title="bbox 74 377 1058 3326">
    <p class='ocr_par' dir='ltr' id='par_1_2' title="bbox 78 377 910 462">
     <span class='ocr_line' id='line_1_2' title="bbox 78 377 910 462; baseline -0.004 -16"><span class='ocrx_word' id='word_1_3' title='bbox 78 384 232 447; x_wconf 85' lang='lat' dir='ltr'><strong>llibusl—</strong></span> <span class='ocrx_word' id='word_1_4' title='bbox 248 383 401 461; x_wconf 87' lang='lat' dir='ltr'><strong>Onummi‚</strong></span> <span class='ocrx_word' id='word_1_5' title='bbox 421 384 505 444; x_wconf 88' lang='lat' dir='ltr'><strong>vobis</strong></span> <span class='ocrx_word' id='word_1_6' title='bbox 516 384 591 444; x_wconf 91' lang='lat' dir='ltr'><strong>bunc</strong></span> <span class='ocrx_word' id='word_1_7' title='bbox 609 392 738 461; x_wconf 81' lang='lat' dir='ltr'><strong>praestat</strong></span> <span class='ocrx_word' id='word_1_8' title='bbox 753 377 910 462; x_wconf 81' lang='lat' dir='ltr'><strong>bonorem,</strong></span> 
     </span>
    </p>

    <p class='ocr_par' dir='ltr' id='par_1_3' title="bbox 78 467 906 530">
     <span class='ocr_line' id='line_1_3' title="bbox 78 467 906 530; baseline -0.001 -2"><span class='ocrx_word' id='word_1_9' title='bbox 78 471 131 529; x_wconf 86' lang='lat' dir='ltr'><strong>Vos</strong></span> <span class='ocrx_word' id='word_1_10' title='bbox 154 472 223 529; x_wconf 89' lang='lat' dir='ltr'><strong>estis</strong></span> <span class='ocrx_word' id='word_1_11' title='bbox 245 469 368 530; x_wconf 80' lang='lat' dir='ltr'><strong>iratres!</strong></span> <span class='ocrx_word' id='word_1_12' title='bbox 405 467 535 528; x_wconf 91' lang='lat' dir='ltr'><strong>dominus</strong></span> <span class='ocrx_word' id='word_1_13' title='bbox 557 476 652 526; x_wconf 91' lang='lat' dir='ltr'><strong>tamen</strong></span> <span class='ocrx_word' id='word_1_14' title='bbox 674 476 704 526; x_wconf 92' lang='lat' dir='ltr'><strong>et</strong></span> <span class='ocrx_word' id='word_1_15' title='bbox 726 467 832 526; x_wconf 91' lang='lat' dir='ltr'><strong>domini</strong></span> <span class='ocrx_word' id='word_1_16' title='bbox 854 487 906 528; x_wconf 82' lang='lat' dir='ltr'><strong>rex</strong></span> 
     </span>
    </p>

    <p class='ocr_par' dir='ltr' id='par_1_4' title="bbox 78 546 863 630">
     <span class='ocr_line' id='line_1_4' title="bbox 78 546 863 630; baseline -0.005 -16"><span class='ocrx_word' id='word_1_17' title='bbox 78 546 166 614; x_wconf 78' lang='lat' dir='ltr'><strong>Si&#39;vr&#39;s</strong></span> <span class='ocrx_word' id='word_1_18' title='bbox 189 563 218 613; x_wconf 93' lang='lat' dir='ltr'><strong>tu</strong></span> <span class='ocrx_word' id='word_1_19' title='bbox 245 554 325 627; x_wconf 84' lang='lat' dir='ltr'><strong>lieri,</strong></span> <span class='ocrx_word' id='word_1_20' title='bbox 348 552 445 612; x_wconf 94' lang='lat' dir='ltr'><strong>nullus</strong></span> <span class='ocrx_word' id='word_1_21' title='bbox 468 551 517 610; x_wconf 90' lang='lat' dir='ltr'><strong>tibi</strong></span> <span class='ocrx_word' id='word_1_22' title='bbox 542 551 679 630; x_wconf 89' lang='lat' dir='ltr'><strong>parvulus</strong></span> <span class='ocrx_word' id='word_1_23' title='bbox 702 551 767 611; x_wconf 89' lang='lat' dir='ltr'><strong>aula</strong></span> <span class='ocrx_word' id='word_1_24' title='bbox 861 583 863 590; x_wconf 94' lang='lat'>·</span> 
     </span>
    </p>

    <p class='ocr_par' dir='ltr' id='par_1_5' title="bbox 77 635 712 697">
     <span class='ocr_line' id='line_1_5' title="bbox 77 635 712 697; baseline -0.005 0"><span class='ocrx_word' id='word_1_25' title='bbox 77 639 180 697; x_wconf 78' lang='lat' dir='ltr'><strong>Luserit</strong></span> <span class='ocrx_word' id='word_1_26' title='bbox 204 637 325 697; x_wconf 76' lang='lat' dir='ltr'><strong>Aeneas</strong></span> <span class='ocrx_word' id='word_1_27' title='bbox 349 653 406 696; x_wconf 91' lang='lat' dir='ltr'><strong>nec</strong></span> <span class='ocrx_word' id='word_1_28' title='bbox 429 635 487 696; x_wconf 90' lang='lat' dir='ltr'><strong>lilia</strong></span> <span class='ocrx_word' id='word_1_29' title='bbox 509 635 622 695; x_wconf 88' lang='lat' dir='ltr'><strong>dulcior</strong></span> <span class='ocrx_word' id='word_1_30' title='bbox 644 635 712 695; x_wconf 92' lang='lat' dir='ltr'><strong>illo:</strong></span> 
     </span>
    </p>

    <p class='ocr_par' dir='ltr' id='par_1_6' title="bbox 76 719 867 782">
     <span class='ocr_line' id='line_1_6' title="bbox 76 719 867 782; baseline -0.003 -2"><span class='ocrx_word' id='word_1_31' title='bbox 76 722 221 782; x_wconf 85' lang='lat' dir='ltr'><strong>lucu&#39;udum</strong></span> <span class='ocrx_word' id='word_1_32' title='bbox 246 731 277 781; x_wconf 90' lang='lat' dir='ltr'><strong>et</strong></span> <span class='ocrx_word' id='word_1_33' title='bbox 300 738 397 780; x_wconf 89' lang='lat' dir='ltr'><strong>carum</strong></span> <span class='ocrx_word' id='word_1_34' title='bbox 419 720 528 779; x_wconf 91' lang='lat' dir='ltr'><strong>sterilis</strong></span> <span class='ocrx_word' id='word_1_35' title='bbox 549 719 619 779; x_wconf 88' lang='lat' dir='ltr'><strong>lacit</strong></span> <span class='ocrx_word' id='word_1_36' title='bbox 641 736 716 778; x_wconf 82' lang='lat' dir='ltr'><strong>uxor</strong></span> <span class='ocrx_word' id='word_1_37' title='bbox 737 720 867 779; x_wconf 90' lang='lat' dir='ltr'><strong>amicum.</strong></span> 
     </span>
    </p>

    <p class='ocr_par' dir='ltr' id='par_1_7' title="bbox 76 803 906 883">
     <span class='ocr_line' id='line_1_7' title="bbox 76 803 906 883; baseline -0.002 -18"><span class='ocrx_word' id='word_1_38' title='bbox 76 806 127 865; x_wconf 90' lang='lat' dir='ltr'><strong>Sed</strong></span> <span class='ocrx_word' id='word_1_39' title='bbox 149 815 196 867; x_wconf 91' lang='lat' dir='ltr'><strong>tua</strong></span> <span class='ocrx_word' id='word_1_40' title='bbox 218 823 296 865; x_wconf 92' lang='lat' dir='ltr'><strong>nunc</strong></span> <span class='ocrx_word' id='word_1_41' title='bbox 314 803 432 882; x_wconf 79' lang='lat' dir='ltr'><strong>lllygale</strong></span> <span class='ocrx_word' id='word_1_42' title='bbox 455 805 548 883; x_wconf 89' lang='lat' dir='ltr'><strong>pariat</strong></span> <span class='ocrx_word' id='word_1_43' title='bbox 570 803 639 862; x_wconf 89' lang='lat' dir='ltr'><strong>licet</strong></span> <span class='ocrx_word' id='word_1_44' title='bbox 663 812 692 863; x_wconf 90' lang='lat' dir='ltr'><strong>et</strong></span> <span class='ocrx_word' id='word_1_45' title='bbox 714 821 824 882; x_wconf 90' lang='lat' dir='ltr'><strong>pueros</strong></span> <span class='ocrx_word' id='word_1_46' title='bbox 845 813 906 863; x_wconf 87' lang='lat' dir='ltr'><strong>tres</strong></span> 
     </span>
    </p>

    <p class='ocr_par' dir='ltr' id='par_1_8' title="bbox 75 887 854 969">
     <span class='ocr_line' id='line_1_8' title="bbox 75 887 854 969; baseline -0.003 -21"><span class='ocrx_word' id='word_1_47' title='bbox 75 889 102 948; x_wconf 96' lang='lat' dir='ltr'><strong>ln</strong></span> <span class='ocrx_word' id='word_1_48' title='bbox 124 892 262 968; x_wconf 90' lang='lat' dir='ltr'><strong>gremium</strong></span> <span class='ocrx_word' id='word_1_49' title='bbox 285 890 377 969; x_wconf 87' lang='lat' dir='ltr'><strong>patris</strong></span> <span class='ocrx_word' id='word_1_50' title='bbox 400 888 499 948; x_wconf 80' lang='lat' dir='ltr'><strong>fundat</strong></span> <span class='ocrx_word' id='word_1_51' title='bbox 522 887 622 946; x_wconf 89' lang='lat' dir='ltr'><strong>simul:</strong></span> <span class='ocrx_word' id='word_1_52' title='bbox 649 889 714 965; x_wconf 91' lang='lat' dir='ltr'><strong>ipse</strong></span> <span class='ocrx_word' id='word_1_53' title='bbox 737 887 854 966; x_wconf 88' lang='lat' dir='ltr'><strong>loquaci</strong></span> 
     </span>
    </p>

    <p class='ocr_par' dir='ltr' id='par_1_9' title="bbox 75 970 738 1048">
     <span class='ocr_line' id='line_1_9' title="bbox 75 970 738 1048; baseline -0.008 -14"><span class='ocrx_word' id='word_1_54' title='bbox 75 971 207 1034; x_wconf 84' lang='lat' dir='ltr'><strong>Gaudebit</strong></span> <span class='ocrx_word' id='word_1_55' title='bbox 229 974 317 1048; x_wconf 79' lang='lat' dir='ltr'><strong>nido,</strong></span> <span class='ocrx_word' id='word_1_56' title='bbox 340 972 462 1033; x_wconf 92' lang='lat' dir='ltr'><strong>viridem</strong></span> <span class='ocrx_word' id='word_1_57' title='bbox 484 971 604 1031; x_wconf 90' lang='lat' dir='ltr'><strong>thoraca</strong></span> <span class='ocrx_word' id='word_1_58' title='bbox 626 970 738 1030; x_wconf 89' lang='lat' dir='ltr'><strong>iubebit</strong></span> 
     </span>
    </p>

    <p class='ocr_par' dir='ltr' id='par_1_10' title="bbox 75 1058 845 1135">
     <span class='ocr_line' id='line_1_10' title="bbox 75 1058 845 1135; baseline -0.004 -19"><span class='ocrx_word' id='word_1_59' title='bbox 75 1058 172 1118; x_wconf 80' lang='lat' dir='ltr'><strong>Allerri</strong></span> <span class='ocrx_word' id='word_1_60' title='bbox 193 1059 385 1135; x_wconf 80' lang='lat' dir='ltr'><strong>minimasque</strong></span> <span class='ocrx_word' id='word_1_61' title='bbox 408 1075 498 1130; x_wconf 87' lang='lat' dir='ltr'><strong>nuces</strong></span> <span class='ocrx_word' id='word_1_62' title='bbox 522 1073 679 1133; x_wconf 88' lang='lat' dir='ltr'><strong>assemque</strong></span> <span class='ocrx_word' id='word_1_63' title='bbox 702 1063 845 1132; x_wconf 78' lang='lat' dir='ltr'><strong>rogatum,</strong></span> 
     </span>
    </p>

    <p class='ocr_par' dir='ltr' id='par_1_11' title="bbox 74 1139 877 1220">
     <span class='ocr_line' id='line_1_11' title="bbox 74 1139 877 1220; baseline -0.004 -20"><span class='ocrx_word' id='word_1_64' title='bbox 74 1141 114 1201; x_wconf 80' lang='lat' dir='ltr'><strong>rid</strong></span> <span class='ocrx_word' id='word_1_65' title='bbox 134 1161 259 1203; x_wconf 90' lang='lat' dir='ltr'><strong>mensam</strong></span> <span class='ocrx_word' id='word_1_66' title='bbox 283 1143 399 1220; x_wconf 87' lang='lat' dir='ltr'><strong>quoties</strong></span> <span class='ocrx_word' id='word_1_67' title='bbox 422 1139 567 1220; x_wconf 85' lang='lat' dir='ltr'><strong>parasitus</strong></span> <span class='ocrx_word' id='word_1_68' title='bbox 590 1139 706 1198; x_wconf 90' lang='lat' dir='ltr'><strong>venerit</strong></span> <span class='ocrx_word' id='word_1_69' title='bbox 726 1139 877 1198; x_wconf 82' lang='lat' dir='ltr'><strong>inians.-</strong></span> 
     </span>
    </p>

    <p class='ocr_par' dir='ltr' id='par_1_12' title="bbox 75 1224 748 1305">
     <span class='ocr_line' id='line_1_12' title="bbox 75 1224 748 1305; baseline -0.003 -22"><span class='ocrx_word' id='word_1_70' title='bbox 75 1225 178 1286; x_wconf 88' lang='lat' dir='ltr'><strong>Vilibus</strong></span> <span class='ocrx_word' id='word_1_71' title='bbox 201 1228 346 1305; x_wconf 85' lang='lat' dir='ltr'><strong>aucipites</strong></span> <span class='ocrx_word' id='word_1_72' title='bbox 368 1225 449 1302; x_wconf 85' lang='lat' dir='ltr'><strong>fungi</strong></span> <span class='ocrx_word' id='word_1_73' title='bbox 471 1232 616 1304; x_wconf 90' lang='lat' dir='ltr'><strong>ponentur</strong></span> <span class='ocrx_word' id='word_1_74' title='bbox 638 1224 748 1298; x_wconf 80' lang='lat' dir='ltr'><strong>amicis,</strong></span> 
     </span>
    </p>

    <p class='ocr_par' dir='ltr' id='par_1_13' title="bbox 74 1304 789 1387">
     <span class='ocr_line' id='line_1_13' title="bbox 74 1304 789 1387; baseline -0.003 -20"><span class='ocrx_word' id='word_1_75' title='bbox 74 1309 184 1370; x_wconf 86' lang='lat' dir='ltr'><strong>Baletus</strong></span> <span class='ocrx_word' id='word_1_76' title='bbox 205 1311 341 1378; x_wconf 89' lang='lat' dir='ltr'><strong>domino;</strong></span> <span class='ocrx_word' id='word_1_77' title='bbox 366 1309 419 1369; x_wconf 90' lang='lat' dir='ltr'><strong>sed</strong></span> <span class='ocrx_word' id='word_1_78' title='bbox 441 1310 545 1387; x_wconf 88' lang='lat' dir='ltr'><strong>quales</strong></span> <span class='ocrx_word' id='word_1_79' title='bbox 568 1304 706 1367; x_wconf 85' lang='lat' dir='ltr'><strong>Claudius</strong></span> <span class='ocrx_word' id='word_1_80' title='bbox 730 1307 789 1366; x_wconf 87' lang='lat' dir='ltr'><strong>edit</strong></span> 
     </span>
    </p>

    <p class='ocr_par' dir='ltr' id='par_1_14' title="bbox 74 1391 886 1557">
     <span class='ocr_line' id='line_1_14' title="bbox 75 1391 886 1472; baseline -0.002 -20"><span class='ocrx_word' id='word_1_81' title='bbox 75 1394 142 1454; x_wconf 80' lang='lat' dir='ltr'><strong>Ante</strong></span> <span class='ocrx_word' id='word_1_82' title='bbox 162 1395 242 1455; x_wconf 90' lang='lat' dir='ltr'><strong>illurn</strong></span> <span class='ocrx_word' id='word_1_83' title='bbox 265 1395 384 1470; x_wconf 86' lang='lat' dir='ltr'><strong>uxoris,</strong></span> <span class='ocrx_word' id='word_1_84' title='bbox 412 1401 479 1472; x_wconf 89' lang='lat' dir='ltr'><strong>post</strong></span> <span class='ocrx_word' id='word_1_85' title='bbox 504 1409 589 1470; x_wconf 88' lang='lat' dir='ltr'><strong>quern</strong></span> <span class='ocrx_word' id='word_1_86' title='bbox 610 1391 650 1452; x_wconf 91' lang='lat' dir='ltr'><strong>nil</strong></span> <span class='ocrx_word' id='word_1_87' title='bbox 673 1391 795 1470; x_wconf 87' lang='lat' dir='ltr'><strong>amplius</strong></span> <span class='ocrx_word' id='word_1_88' title='bbox 817 1391 886 1452; x_wconf 89' lang='lat' dir='ltr'><strong>edit.</strong></span> 
     </span>
     <span class='ocr_line' id='line_1_15' title="bbox 74 1475 824 1557; baseline 0 -23"><span class='ocrx_word' id='word_1_89' title='bbox 74 1477 226 1540; x_wconf 83' lang='lat' dir='ltr'><strong>Virro-sibi</strong></span> <span class='ocrx_word' id='word_1_90' title='bbox 250 1488 281 1539; x_wconf 92' lang='lat' dir='ltr'><strong>et</strong></span> <span class='ocrx_word' id='word_1_91' title='bbox 304 1477 426 1557; x_wconf 88' lang='lat' dir='ltr'><strong>reliquis</strong></span> <span class='ocrx_word' id='word_1_92' title='bbox 446 1475 618 1536; x_wconf 89' lang='lat' dir='ltr'><strong>Virronibus</strong></span> <span class='ocrx_word' id='word_1_93' title='bbox 641 1475 691 1535; x_wconf 91' lang='lat' dir='ltr'><strong>illa</strong></span> <span class='ocrx_word' id='word_1_94' title='bbox 713 1475 824 1535; x_wconf 92' lang='lat' dir='ltr'><strong>iubebit</strong></span> 
     </span>
    </p>

    <p class='ocr_par' dir='ltr' id='par_1_15' title="bbox 74 1560 1058 1728">
     <span class='ocr_line' id='line_1_16' title="bbox 74 1560 1058 1642; baseline -0.002 -21"><span class='ocrx_word' id='word_1_95' title='bbox 74 1561 152 1622; x_wconf 83' lang='lat' dir='ltr'><strong>Poma</strong></span> <span class='ocrx_word' id='word_1_96' title='bbox 174 1563 253 1640; x_wconf 85' lang='lat' dir='ltr'><strong>dari,</strong></span> <span class='ocrx_word' id='word_1_97' title='bbox 278 1579 401 1642; x_wconf 88' lang='lat' dir='ltr'><strong>quorum</strong></span> <span class='ocrx_word' id='word_1_98' title='bbox 423 1561 488 1621; x_wconf 92' lang='lat' dir='ltr'><strong>solo</strong></span> <span class='ocrx_word' id='word_1_99' title='bbox 511 1561 641 1640; x_wconf 86' lang='lat' dir='ltr'><strong>pascaris</strong></span> <span class='ocrx_word' id='word_1_100' title='bbox 665 1560 773 1628; x_wconf 86' lang='lat' dir='ltr'><strong>odore;</strong></span> <span class='ocrx_word' id='word_1_101' title='bbox 871 1577 874 1584; x_wconf 78' lang='grc'><strong>’</strong></span> <span class='ocrx_word' id='word_1_102' title='bbox 1008 1569 1058 1620; x_wconf 81' lang='lat'><strong>150</strong></span> 
     </span>
     <span class='ocr_line' id='line_1_17' title="bbox 76 1642 875 1728; baseline -0.004 -23"><span class='ocrx_word' id='word_1_103' title='bbox 76 1646 169 1718; x_wconf 87' lang='lat' dir='ltr'><strong>Qualia</strong></span> <span class='ocrx_word' id='word_1_104' title='bbox 191 1656 354 1728; x_wconf 90' lang='lat' dir='ltr'><strong>perpetuus</strong></span> <span class='ocrx_word' id='word_1_105' title='bbox 378 1644 542 1705; x_wconf 87' lang='lat' dir='ltr'><strong>Phaeacum</strong></span> <span class='ocrx_word' id='word_1_106' title='bbox 565 1653 715 1704; x_wconf 89' lang='lat' dir='ltr'><strong>autumnus</strong></span> <span class='ocrx_word' id='word_1_107' title='bbox 738 1642 875 1720; x_wconf 83' lang='lat' dir='ltr'><strong>babebat,</strong></span> 
     </span>
    </p>

    <p class='ocr_par' dir='ltr' id='par_1_16' title="bbox 75 1727 862 1811">
     <span class='ocr_line' id='line_1_18' title="bbox 75 1727 862 1811; baseline -0.004 -22"><span class='ocrx_word' id='word_1_108' title='bbox 75 1727 195 1791; x_wconf 81' lang='lat' dir='ltr'><strong>Credere</strong></span> <span class='ocrx_word' id='word_1_109' title='bbox 219 1745 297 1811; x_wconf 84' lang='lat' dir='ltr'><strong>quae</strong></span> <span class='ocrx_word' id='word_1_110' title='bbox 317 1731 415 1810; x_wconf 91' lang='lat' dir='ltr'><strong>possis</strong></span> <span class='ocrx_word' id='word_1_111' title='bbox 433 1732 572 1808; x_wconf 89' lang='lat' dir='ltr'><strong>subrepta</strong></span> <span class='ocrx_word' id='word_1_112' title='bbox 594 1727 745 1788; x_wconf 89' lang='lat' dir='ltr'><strong>sororibus</strong></span> <span class='ocrx_word' id='word_1_113' title='bbox 766 1728 862 1787; x_wconf 81' lang='lat' dir='ltr'><strong>Afris:</strong></span> 
     </span>
    </p>

    <p class='ocr_par' dir='ltr' id='par_1_17' title="bbox 76 1812 858 1893">
     <span class='ocr_line' id='line_1_19' title="bbox 76 1812 858 1893; baseline -0.001 -21"><span class='ocrx_word' id='word_1_114' title='bbox 76 1813 113 1873; x_wconf 87' lang='lat' dir='ltr'><strong>Tu</strong></span> <span class='ocrx_word' id='word_1_115' title='bbox 134 1815 231 1876; x_wconf 83' lang='lat' dir='ltr'><strong>scabie</strong></span> <span class='ocrx_word' id='word_1_116' title='bbox 253 1817 361 1876; x_wconf 78' lang='lat' dir='ltr'><strong>frueris</strong></span> <span class='ocrx_word' id='word_1_117' title='bbox 384 1813 466 1891; x_wconf 86' lang='lat' dir='ltr'><strong>mali,</strong></span> <span class='ocrx_word' id='word_1_118' title='bbox 491 1814 568 1893; x_wconf 88' lang='lat' dir='ltr'><strong>quod</strong></span> <span class='ocrx_word' id='word_1_119' title='bbox 586 1814 615 1872; x_wconf 95' lang='lat' dir='ltr'><strong>in</strong></span> <span class='ocrx_word' id='word_1_120' title='bbox 637 1829 748 1890; x_wconf 78' lang='lat' dir='ltr'><strong>aggere</strong></span> <span class='ocrx_word' id='word_1_121' title='bbox 772 1812 858 1882; x_wconf 75' lang='lat' dir='ltr'><strong>rodit,</strong></span> 
     </span>
    </p>

    <p class='ocr_par' dir='ltr' id='par_1_18' title="bbox 76 1895 879 1979">
     <span class='ocr_line' id='line_1_20' title="bbox 76 1895 879 1979; baseline -0.001 -23"><span class='ocrx_word' id='word_1_122' title='bbox 76 1897 125 1970; x_wconf 86' lang='lat' dir='ltr'><strong>Qui</strong></span> <span class='ocrx_word' id='word_1_123' title='bbox 145 1901 251 1978; x_wconf 88' lang='lat' dir='ltr'><strong>tegitur</strong></span> <span class='ocrx_word' id='word_1_124' title='bbox 271 1917 371 1979; x_wconf 90' lang='lat' dir='ltr'><strong>parma</strong></span> <span class='ocrx_word' id='word_1_125' title='bbox 393 1907 423 1959; x_wconf 91' lang='lat' dir='ltr'><strong>et</strong></span> <span class='ocrx_word' id='word_1_126' title='bbox 443 1898 530 1976; x_wconf 84' lang='lat' dir='ltr'><strong>galea</strong></span> <span class='ocrx_word' id='word_1_127' title='bbox 551 1907 742 1974; x_wconf 88' lang='lat' dir='ltr'><strong>metuensque</strong></span> <span class='ocrx_word' id='word_1_128' title='bbox 767 1895 879 1973; x_wconf 78' lang='lat' dir='ltr'><strong>flagelli</strong></span> 
     </span>
    </p>

    <p class='ocr_par' dir='ltr' id='par_1_19' title="bbox 76 1975 807 2061">
     <span class='ocr_line' id='line_1_21' title="bbox 76 1975 807 2061; baseline 0 -22"><span class='ocrx_word' id='word_1_129' title='bbox 76 1981 159 2044; x_wconf 85' lang='lat' dir='ltr'><strong>lllscit</strong></span> <span class='ocrx_word' id='word_1_130' title='bbox 180 1983 215 2045; x_wconf 89' lang='lat' dir='ltr'><strong>ab</strong></span> <span class='ocrx_word' id='word_1_131' title='bbox 234 1985 347 2045; x_wconf 89' lang='lat' dir='ltr'><strong>hirsuta</strong></span> <span class='ocrx_word' id='word_1_132' title='bbox 371 1983 495 2043; x_wconf 90' lang='lat' dir='ltr'><strong>iaculum</strong></span> <span class='ocrx_word' id='word_1_133' title='bbox 518 1975 658 2061; x_wconf 70' lang='lat' dir='ltr'><strong>torquere</strong></span> <span class='ocrx_word' id='word_1_134' title='bbox 683 1980 807 2060; x_wconf 90' lang='lat' dir='ltr'><strong>capella.</strong></span> 
     </span>
    </p>

    <p class='ocr_par' dir='ltr' id='par_1_20' title="bbox 76 2061 947 2148">
     <span class='ocr_line' id='line_1_22' title="bbox 76 2061 947 2148; baseline -0.002 -25"><span class='ocrx_word' id='word_1_135' title='bbox 76 2063 197 2128; x_wconf 82' lang='lat' dir='ltr'><strong>llorsitan</strong></span> <span class='ocrx_word' id='word_1_136' title='bbox 217 2071 369 2148; x_wconf 89' lang='lat' dir='ltr'><strong>impensae</strong></span> <span class='ocrx_word' id='word_1_137' title='bbox 391 2065 543 2127; x_wconf 86' lang='lat' dir='ltr'><strong>Virronem</strong></span> <span class='ocrx_word' id='word_1_138' title='bbox 566 2084 692 2146; x_wconf 86' lang='lat' dir='ltr'><strong>parcere</strong></span> <span class='ocrx_word' id='word_1_139' title='bbox 714 2061 839 2126; x_wconf 79' lang='lat' dir='ltr'><strong>credas?</strong></span> <span class='ocrx_word' id='word_1_140' title='bbox 943 2063 947 2069; x_wconf 87' lang='lat'>&#39;</span> 
     </span>
    </p>

    <p class='ocr_par' dir='ltr' id='par_1_21' title="bbox 75 2147 930 2230">
     <span class='ocr_line' id='line_1_23' title="bbox 75 2147 930 2230; baseline -0.005 -22"><span class='ocrx_word' id='word_1_141' title='bbox 75 2149 131 2210; x_wconf 88' lang='lat' dir='ltr'><strong>lloc</strong></span> <span class='ocrx_word' id='word_1_142' title='bbox 152 2154 226 2230; x_wconf 84' lang='lat' dir='ltr'><strong>agit,</strong></span> <span class='ocrx_word' id='word_1_143' title='bbox 253 2163 286 2214; x_wconf 89' lang='lat' dir='ltr'><strong>ut</strong></span> <span class='ocrx_word' id='word_1_144' title='bbox 307 2151 424 2219; x_wconf 79' lang='lat' dir='ltr'><strong>doleas3</strong></span> <span class='ocrx_word' id='word_1_145' title='bbox 450 2169 514 2210; x_wconf 91' lang='lat' dir='ltr'><strong>nanr</strong></span> <span class='ocrx_word' id='word_1_146' title='bbox 537 2147 612 2230; x_wconf 89' lang='lat' dir='ltr'><strong>quae</strong></span> <span class='ocrx_word' id='word_1_147' title='bbox 635 2150 803 2225; x_wconf 82' lang='lat' dir='ltr'><strong>comoedia,</strong></span> <span class='ocrx_word' id='word_1_148' title='bbox 827 2148 930 2207; x_wconf 90' lang='lat' dir='ltr'><strong>mimus</strong></span> 
     </span>
    </p>

    <p class='ocr_par' dir='ltr' id='par_1_22' title="bbox 77 2232 849 2316">
     <span class='ocr_line' id='line_1_24' title="bbox 77 2232 849 2316; baseline -0.003 -24"><span class='ocrx_word' id='word_1_149' title='bbox 77 2232 139 2305; x_wconf 82' lang='lat' dir='ltr'><strong>Quis</strong></span> <span class='ocrx_word' id='word_1_150' title='bbox 160 2237 263 2297; x_wconf 90' lang='lat' dir='ltr'><strong>melior</strong></span> <span class='ocrx_word' id='word_1_151' title='bbox 287 2237 421 2316; x_wconf 87' lang='lat' dir='ltr'><strong>plorante</strong></span> <span class='ocrx_word' id='word_1_152' title='bbox 442 2233 531 2312; x_wconf 83' lang='lat' dir='ltr'><strong>gula’l</strong></span> <span class='ocrx_word' id='word_1_153' title='bbox 556 2251 628 2312; x_wconf 90' lang='lat' dir='ltr'><strong>ergo</strong></span> <span class='ocrx_word' id='word_1_154' title='bbox 653 2237 746 2293; x_wconf 89' lang='lat' dir='ltr'><strong>omnia</strong></span> <span class='ocrx_word' id='word_1_155' title='bbox 767 2233 849 2306; x_wconf 83' lang='lat' dir='ltr'><strong>liunt,</strong></span> 
     </span>
    </p>

    <p class='ocr_par' dir='ltr' id='par_1_23' title="bbox 76 2316 809 2399">
     <span class='ocr_line' id='line_1_25' title="bbox 76 2316 809 2399; baseline -0.003 -24"><span class='ocrx_word' id='word_1_156' title='bbox 76 2317 103 2376; x_wconf 86' lang='lat' dir='ltr'><strong>st</strong></span> <span class='ocrx_word' id='word_1_157' title='bbox 122 2323 230 2398; x_wconf 77' lang='lat' dir='ltr'><strong>nescis,</strong></span> <span class='ocrx_word' id='word_1_158' title='bbox 259 2330 290 2382; x_wconf 96' lang='lat' dir='ltr'><strong>ut</strong></span> <span class='ocrx_word' id='word_1_159' title='bbox 314 2337 368 2399; x_wconf 92' lang='lat' dir='ltr'><strong>per</strong></span> <span class='ocrx_word' id='word_1_160' title='bbox 390 2320 525 2379; x_wconf 88' lang='lat' dir='ltr'><strong>lacrimas</strong></span> <span class='ocrx_word' id='word_1_161' title='bbox 549 2317 699 2377; x_wconf 77' lang='lat' dir='ltr'><strong>effundere</strong></span> <span class='ocrx_word' id='word_1_162' title='bbox 722 2316 809 2375; x_wconf 92' lang='lat' dir='ltr'><strong>bilem</strong></span> 
     </span>
    </p>

    <p class='ocr_par' dir='ltr' id='par_1_24' title="bbox 77 2399 1058 2563">
     <span class='ocr_line' id='line_1_26' title="bbox 77 2399 1058 2485; baseline -0.004 -24"><span class='ocrx_word' id='word_1_163' title='bbox 77 2399 189 2480; x_wconf 80' lang='lat' dir='ltr'><strong>Cogeris</strong></span> <span class='ocrx_word' id='word_1_164' title='bbox 210 2421 376 2485; x_wconf 89' lang='lat' dir='ltr'><strong>pressoque</strong></span> <span class='ocrx_word' id='word_1_165' title='bbox 399 2403 446 2464; x_wconf 92' lang='lat' dir='ltr'><strong>diu</strong></span> <span class='ocrx_word' id='word_1_166' title='bbox 470 2402 594 2462; x_wconf 89' lang='lat' dir='ltr'><strong>stridere</strong></span> <span class='ocrx_word' id='word_1_167' title='bbox 616 2400 728 2459; x_wconf 91' lang='lat' dir='ltr'><strong>molari.</strong></span> <span class='ocrx_word' id='word_1_168' title='bbox 1010 2403 1058 2458; x_wconf 87' lang='lat'><strong>160</strong></span> 
     </span>
     <span class='ocr_line' id='line_1_27' title="bbox 77 2483 837 2563; baseline -0.003 -20"><span class='ocrx_word' id='word_1_169' title='bbox 77 2484 113 2544; x_wconf 84' lang='lat' dir='ltr'><strong>Tu</strong></span> <span class='ocrx_word' id='word_1_170' title='bbox 135 2487 183 2547; x_wconf 90' lang='lat' dir='ltr'><strong>tibi</strong></span> <span class='ocrx_word' id='word_1_171' title='bbox 203 2489 281 2550; x_wconf 92' lang='lat' dir='ltr'><strong>liber</strong></span> <span class='ocrx_word' id='word_1_172' title='bbox 302 2489 389 2548; x_wconf 88' lang='lat' dir='ltr'><strong>borno</strong></span> <span class='ocrx_word' id='word_1_173' title='bbox 413 2496 444 2548; x_wconf 90' lang='lat' dir='ltr'><strong>et</strong></span> <span class='ocrx_word' id='word_1_174' title='bbox 465 2487 545 2563; x_wconf 87' lang='lat' dir='ltr'><strong>regis</strong></span> <span class='ocrx_word' id='word_1_175' title='bbox 567 2486 689 2545; x_wconf 86' lang='lat' dir='ltr'><strong>conviva</strong></span> <span class='ocrx_word' id='word_1_176' title='bbox 712 2483 837 2544; x_wconf 87' lang='lat' dir='ltr'><strong>videris:</strong></span> 
     </span>
    </p>

    <p class='ocr_par' dir='ltr' id='par_1_25' title="bbox 79 2566 774 2649">
     <span class='ocr_line' id='line_1_28' title="bbox 79 2566 774 2649; baseline 0.001 -22"><span class='ocrx_word' id='word_1_177' title='bbox 79 2566 189 2648; x_wconf 78' lang='lat' dir='ltr'><strong>Captum</strong></span> <span class='ocrx_word' id='word_1_178' title='bbox 213 2583 243 2634; x_wconf 90' lang='lat' dir='ltr'><strong>te</strong></span> <span class='ocrx_word' id='word_1_179' title='bbox 265 2573 367 2633; x_wconf 92' lang='lat' dir='ltr'><strong>nidore</strong></span> <span class='ocrx_word' id='word_1_180' title='bbox 389 2587 460 2632; x_wconf 90' lang='lat' dir='ltr'><strong>suae</strong></span> <span class='ocrx_word' id='word_1_181' title='bbox 483 2579 565 2649; x_wconf 91' lang='lat' dir='ltr'><strong>putat</strong></span> <span class='ocrx_word' id='word_1_182' title='bbox 586 2569 637 2629; x_wconf 92' lang='lat' dir='ltr'><strong>ille</strong></span> <span class='ocrx_word' id='word_1_183' title='bbox 661 2569 774 2629; x_wconf 89' lang='lat' dir='ltr'><strong>culinae</strong></span> 
     </span>
    </p>

    <p class='ocr_par' dir='ltr' id='par_1_26' title="bbox 77 2649 986 2735">
     <span class='ocr_line' id='line_1_29' title="bbox 77 2649 986 2735; baseline -0.001 -25"><span class='ocrx_word' id='word_1_184' title='bbox 77 2651 131 2713; x_wconf 89' lang='lat' dir='ltr'><strong>Nec</strong></span> <span class='ocrx_word' id='word_1_185' title='bbox 152 2657 226 2718; x_wconf 91' lang='lat' dir='ltr'><strong>male</strong></span> <span class='ocrx_word' id='word_1_186' title='bbox 250 2659 427 2724; x_wconf 89' lang='lat' dir='ltr'><strong>coniectat;-</strong></span> <span class='ocrx_word' id='word_1_187' title='bbox 458 2657 522 2735; x_wconf 83' lang='lat' dir='ltr'><strong>quis</strong></span> <span class='ocrx_word' id='word_1_188' title='bbox 547 2656 622 2714; x_wconf 90' lang='lat' dir='ltr'><strong>enim</strong></span> <span class='ocrx_word' id='word_1_189' title='bbox 641 2663 699 2713; x_wconf 91' lang='lat' dir='ltr'><strong>tam</strong></span> <span class='ocrx_word' id='word_1_190' title='bbox 721 2653 829 2728; x_wconf 79' lang='lat' dir='ltr'><strong>nudus,</strong></span> <span class='ocrx_word' id='word_1_191' title='bbox 856 2661 885 2711; x_wconf 93' lang='lat' dir='ltr'><strong>ut</strong></span> <span class='ocrx_word' id='word_1_192' title='bbox 907 2649 986 2711; x_wconf 91' lang='lat' dir='ltr'><strong>illum</strong></span> 
     </span>
    </p>

    <p class='ocr_par' dir='ltr' id='par_1_27' title="bbox 77 2735 835 2819">
     <span class='ocr_line' id='line_1_30' title="bbox 77 2735 835 2819; baseline 0.005 -25"><span class='ocrx_word' id='word_1_193' title='bbox 77 2735 118 2796; x_wconf 84' lang='lat' dir='ltr'><strong>llis</strong></span> <span class='ocrx_word' id='word_1_194' title='bbox 137 2739 225 2819; x_wconf 81' lang='lat' dir='ltr'><strong>ierat,</strong></span> <span class='ocrx_word' id='word_1_195' title='bbox 252 2741 408 2802; x_wconf 83' lang='lat' dir='ltr'><strong>Etruscum</strong></span> <span class='ocrx_word' id='word_1_196' title='bbox 430 2756 521 2818; x_wconf 90' lang='lat' dir='ltr'><strong>puero</strong></span> <span class='ocrx_word' id='word_1_197' title='bbox 544 2740 569 2798; x_wconf 90' lang='lat' dir='ltr'><strong>si</strong></span> <span class='ocrx_word' id='word_1_198' title='bbox 592 2738 714 2816; x_wconf 89' lang='lat' dir='ltr'><strong>contigit</strong></span> <span class='ocrx_word' id='word_1_199' title='bbox 736 2756 835 2798; x_wconf 89' lang='lat' dir='ltr'><strong>aurum</strong></span> 
     </span>
    </p>

    <p class='ocr_par' dir='ltr' id='par_1_28' title="bbox 79 2818 1056 3073">
     <span class='ocr_line' id='line_1_31' title="bbox 79 2818 1056 2902; baseline 0.002 -25"><span class='ocrx_word' id='word_1_200' title='bbox 79 2818 126 2880; x_wconf 87' lang='lat' dir='ltr'><strong>Vel</strong></span> <span class='ocrx_word' id='word_1_201' title='bbox 145 2824 235 2885; x_wconf 91' lang='lat' dir='ltr'><strong>nodus</strong></span> <span class='ocrx_word' id='word_1_202' title='bbox 261 2834 368 2886; x_wconf 93' lang='lat' dir='ltr'><strong>tantum</strong></span> <span class='ocrx_word' id='word_1_203' title='bbox 391 2832 420 2883; x_wconf 90' lang='lat' dir='ltr'><strong>et</strong></span> <span class='ocrx_word' id='word_1_204' title='bbox 442 2824 553 2901; x_wconf 87' lang='lat' dir='ltr'><strong>signum</strong></span> <span class='ocrx_word' id='word_1_205' title='bbox 577 2823 613 2883; x_wconf 91' lang='lat' dir='ltr'><strong>de</strong></span> <span class='ocrx_word' id='word_1_206' title='bbox 636 2840 767 2902; x_wconf 89' lang='lat' dir='ltr'><strong>paupere</strong></span> <span class='ocrx_word' id='word_1_207' title='bbox 790 2819 876 2882; x_wconf 82' lang='lat' dir='ltr'><strong>toro?</strong></span> <span class='ocrx_word' id='word_1_208' title='bbox 1007 2827 1056 2880; x_wconf 73' lang='lat'><strong>165</strong></span> 
     </span>
     <span class='ocr_line' id='line_1_32' title="bbox 79 2905 904 2985; baseline -0.001 -21"><span class='ocrx_word' id='word_1_209' title='bbox 79 2905 145 2982; x_wconf 88' lang='lat' dir='ltr'><strong>Spes</strong></span> <span class='ocrx_word' id='word_1_210' title='bbox 166 2907 241 2969; x_wconf 93' lang='lat' dir='ltr'><strong>bene</strong></span> <span class='ocrx_word' id='word_1_211' title='bbox 264 2907 406 2978; x_wconf 77' lang='lat' dir='ltr'><strong>coenandi</strong></span> <span class='ocrx_word' id='word_1_212' title='bbox 426 2925 480 2966; x_wconf 90' lang='lat' dir='ltr'><strong>vos</strong></span> <span class='ocrx_word' id='word_1_213' title='bbox 503 2906 627 2985; x_wconf 89' lang='lat' dir='ltr'><strong>decipit:</strong></span> <span class='ocrx_word' id='word_1_214' title='bbox 653 2924 726 2966; x_wconf 91' lang='lat' dir='ltr'><strong>ecce</strong></span> <span class='ocrx_word' id='word_1_215' title='bbox 749 2905 827 2966; x_wconf 89' lang='lat' dir='ltr'><strong>dabit</strong></span> <span class='ocrx_word' id='word_1_216' title='bbox 849 2908 904 2966; x_wconf 91' lang='lat' dir='ltr'><strong>ianr</strong></span> 
     </span>
     <span class='ocr_line' id='line_1_33' title="bbox 81 2989 928 3073; baseline 0.002 -28"><span class='ocrx_word' id='word_1_217' title='bbox 81 2989 217 3053; x_wconf 91' lang='lat' dir='ltr'><strong>Senesum</strong></span> <span class='ocrx_word' id='word_1_218' title='bbox 241 2994 374 3073; x_wconf 86' lang='lat' dir='ltr'><strong>leporem</strong></span> <span class='ocrx_word' id='word_1_219' title='bbox 397 3001 484 3071; x_wconf 89' lang='lat' dir='ltr'><strong>atque</strong></span> <span class='ocrx_word' id='word_1_220' title='bbox 508 2990 617 3069; x_wconf 88' lang='lat' dir='ltr'><strong>aliquid</strong></span> <span class='ocrx_word' id='word_1_221' title='bbox 640 2989 676 3050; x_wconf 90' lang='lat' dir='ltr'><strong>de</strong></span> <span class='ocrx_word' id='word_1_222' title='bbox 701 2990 834 3050; x_wconf 84' lang='lat' dir='ltr'><strong>clunibus</strong></span> <span class='ocrx_word' id='word_1_223' title='bbox 855 2990 928 3069; x_wconf 70' lang='lat' dir='ltr'><strong>apri</strong></span> 
     </span>
    </p>

    <p class='ocr_par' dir='ltr' id='par_1_29' title="bbox 81 3070 847 3154">
     <span class='ocr_line' id='line_1_34' title="bbox 81 3070 847 3154; baseline 0.005 -24"><span class='ocrx_word' id='word_1_224' title='bbox 81 3070 118 3130; x_wconf 80' lang='lat' dir='ltr'><strong>lt</strong></span> <span class='ocrx_word' id='word_1_225' title='bbox 140 3093 191 3135; x_wconf 92' lang='lat' dir='ltr'><strong>nus</strong></span> <span class='ocrx_word' id='word_1_226' title='bbox 215 3080 270 3138; x_wconf 88' lang='lat' dir='ltr'><strong>iarn</strong></span> <span class='ocrx_word' id='word_1_227' title='bbox 295 3077 394 3137; x_wconf 89' lang='lat' dir='ltr'><strong>veniet</strong></span> <span class='ocrx_word' id='word_1_228' title='bbox 415 3078 508 3135; x_wconf 93' lang='lat' dir='ltr'><strong>minor</strong></span> <span class='ocrx_word' id='word_1_229' title='bbox 532 3075 633 3143; x_wconf 88' lang='lat' dir='ltr'><strong>altilis;</strong></span> <span class='ocrx_word' id='word_1_230' title='bbox 656 3074 724 3134; x_wconf 90' lang='lat' dir='ltr'><strong>inde</strong></span> <span class='ocrx_word' id='word_1_231' title='bbox 746 3084 847 3154; x_wconf 91' lang='lat' dir='ltr'><strong>parato</strong></span> 
     </span>
    </p>

    <p class='ocr_par' dir='ltr' id='par_1_30' title="bbox 82 3151 762 3238">
     <span class='ocr_line' id='line_1_35' title="bbox 82 3151 762 3238; baseline 0.009 -27"><span class='ocrx_word' id='word_1_232' title='bbox 82 3151 236 3238; x_wconf 83' lang='lat' dir='ltr'><strong>intactoque</strong></span> <span class='ocrx_word' id='word_1_233' title='bbox 259 3180 359 3223; x_wconf 91' lang='lat' dir='ltr'><strong>omnes</strong></span> <span class='ocrx_word' id='word_1_234' title='bbox 381 3168 410 3220; x_wconf 87' lang='lat' dir='ltr'><strong>et</strong></span> <span class='ocrx_word' id='word_1_235' title='bbox 430 3161 531 3220; x_wconf 86' lang='lat' dir='ltr'><strong>stricto</strong></span> <span class='ocrx_word' id='word_1_236' title='bbox 554 3175 630 3238; x_wconf 88' lang='lat' dir='ltr'><strong>pane</strong></span> <span class='ocrx_word' id='word_1_237' title='bbox 648 3159 762 3218; x_wconf 90' lang='lat' dir='ltr'><strong>tacetis.</strong></span> 
     </span>
    </p>

    <p class='ocr_par' dir='ltr' id='par_1_31' title="bbox 82 3235 1056 3326">
     <span class='ocr_line' id='line_1_36' title="bbox 82 3235 1056 3326; baseline 0.009 -32"><span class='ocrx_word' id='word_1_238' title='bbox 82 3235 126 3298; x_wconf 88' lang='lat' dir='ltr'><strong>llle</strong></span> <span class='ocrx_word' id='word_1_239' title='bbox 146 3246 235 3324; x_wconf 84' lang='lat' dir='ltr'><strong>sapit,</strong></span> <span class='ocrx_word' id='word_1_240' title='bbox 262 3248 309 3326; x_wconf 88' lang='lat' dir='ltr'><strong>qui</strong></span> <span class='ocrx_word' id='word_1_241' title='bbox 332 3255 362 3306; x_wconf 90' lang='lat' dir='ltr'><strong>te</strong></span> <span class='ocrx_word' id='word_1_242' title='bbox 385 3246 429 3304; x_wconf 87' lang='lat' dir='ltr'><strong>sic</strong></span> <span class='ocrx_word' id='word_1_243' title='bbox 453 3245 561 3305; x_wconf 89' lang='lat' dir='ltr'><strong>utitur:</strong></span> <span class='ocrx_word' id='word_1_244' title='bbox 601 3244 696 3302; x_wconf 89' lang='lat' dir='ltr'><strong>ornnia</strong></span> <span class='ocrx_word' id='word_1_245' title='bbox 718 3244 797 3303; x_wconf 91' lang='lat' dir='ltr'><strong>lerre</strong></span> <span class='ocrx_word' id='word_1_246' title='bbox 1007 3241 1056 3296; x_wconf 85' lang='grc'><strong>170</strong></span> 
     </span>
    </p>
   </div>
   <div class='ocr_carea' id='block_1_3' title="bbox 84 3321 844 3576">
    <p class='ocr_par' dir='ltr' id='par_1_32' title="bbox 84 3321 844 3576">
     <span class='ocr_line' id='line_1_37' title="bbox 85 3321 821 3407; baseline 0.008 -27"><span class='ocrx_word' id='word_1_247' title='bbox 85 3321 212 3404; x_wconf 83' lang='lat' dir='ltr'><strong>sipures,</strong></span> <span class='ocrx_word' id='word_1_248' title='bbox 237 3341 266 3391; x_wconf 93' lang='lat' dir='ltr'><strong>et</strong></span> <span class='ocrx_word' id='word_1_249' title='bbox 292 3329 403 3391; x_wconf 87' lang='lat' dir='ltr'><strong>debes:</strong></span> <span class='ocrx_word' id='word_1_250' title='bbox 425 3327 596 3407; x_wconf 89' lang='lat' dir='ltr'><strong>pulsandum</strong></span> <span class='ocrx_word' id='word_1_251' title='bbox 619 3329 733 3387; x_wconf 89' lang='lat' dir='ltr'><strong>vertice</strong></span> <span class='ocrx_word' id='word_1_252' title='bbox 754 3345 821 3388; x_wconf 92' lang='lat' dir='ltr'><strong>raso</strong></span> 
     </span>
     <span class='ocr_line' id='line_1_38' title="bbox 84 3401 836 3495; baseline 0.008 -32"><span class='ocrx_word' id='word_1_253' title='bbox 84 3401 226 3471; x_wconf 85' lang='lat' dir='ltr'><strong>Praebebis</strong></span> <span class='ocrx_word' id='word_1_254' title='bbox 248 3415 421 3495; x_wconf 86' lang='lat' dir='ltr'><strong>quandoque</strong></span> <span class='ocrx_word' id='word_1_255' title='bbox 444 3421 531 3491; x_wconf 89' lang='lat' dir='ltr'><strong>eaput</strong></span> <span class='ocrx_word' id='word_1_256' title='bbox 549 3429 606 3472; x_wconf 90' lang='lat' dir='ltr'><strong>nec</strong></span> <span class='ocrx_word' id='word_1_257' title='bbox 629 3412 699 3471; x_wconf 94' lang='lat' dir='ltr'><strong>dura</strong></span> <span class='ocrx_word' id='word_1_258' title='bbox 722 3412 836 3471; x_wconf 87' lang='lat' dir='ltr'><strong>timebis</strong></span> 
     </span>
     <span class='ocr_line' id='line_1_39' title="bbox 84 3483 844 3576; baseline 0.009 -31"><span class='ocrx_word' id='word_1_259' title='bbox 84 3483 175 3568; x_wconf 82' lang='lat' dir='ltr'><strong>Flagra</strong></span> <span class='ocrx_word' id='word_1_260' title='bbox 198 3500 272 3576; x_wconf 87' lang='lat' dir='ltr'><strong>pati,</strong></span> <span class='ocrx_word' id='word_1_261' title='bbox 297 3499 342 3558; x_wconf 84' lang='lat' dir='ltr'><strong>luis</strong></span> <span class='ocrx_word' id='word_1_262' title='bbox 365 3495 459 3576; x_wconf 89' lang='lat' dir='ltr'><strong>epulis</strong></span> <span class='ocrx_word' id='word_1_263' title='bbox 484 3505 512 3555; x_wconf 93' lang='lat' dir='ltr'><strong>et</strong></span> <span class='ocrx_word' id='word_1_264' title='bbox 535 3495 586 3555; x_wconf 90' lang='lat' dir='ltr'><strong>tali</strong></span> <span class='ocrx_word' id='word_1_265' title='bbox 610 3495 713 3572; x_wconf 89' lang='lat' dir='ltr'><strong>dignus</strong></span> <span class='ocrx_word' id='word_1_266' title='bbox 737 3493 844 3553; x_wconf 90' lang='lat' dir='ltr'><strong>amico!</strong></span> 
     </span>
    </p>
   </div>
   <div class='ocr_carea' id='block_1_4' title="bbox 0 0 1259 3912">
    <p class='ocr_par' dir='ltr' id='par_1_33' title="bbox 0 0 1259 3912">
     <span class='ocr_line' id='line_1_40' title="bbox 0 0 1259 3912; baseline 0 0"><span class='ocrx_word' id='word_1_267' title='bbox 0 0 1259 3912; x_wconf 95' lang='lat' dir='ltr'><strong> </strong></span> 
     </span>
    </p>
   </div>
  </div>
 </body>
</html>
