2426 3900
412 221 477 330 ⁸bl.
492 223 584 285 Vni..
602 223 827 283 MARTIALIS

573 423 682 486 XXXI.

192 538 258 597 Hos
273 534 346 612 tibi,
366 536 510 614 Phoebe,
531 544 622 598 vovet
635 544 718 598 totos
734 537 885 596 avertice
900 537 1004 598 crines

234 617 407 700 Encolpus,
430 619 545 680 domiui
559 621 750 680 centurionis
765 639 860 682 amor.

148 773 155 782 p
194 705 289 765 Grata
302 702 426 762 Pudens
441 705 546 764 meriti
559 703 669 764 tulerit
682 723 751 763 cum
765 705 901 784 praemia
918 701 992 783 plli,

234 789 330 866 Quam
345 787 476 866 primum
489 787 612 867 longas,
633 788 778 863 Phoebe,
799 785 906 847 recide
922 805 1043 866 comas,

169 874 270 935 olium
284 869 369 930 nulla
383 871 486 931 teneri
500 870 630 931 sordent
642 871 787 949 lanugine
802 868 904 930 voltus

232 957 374 1034 Dumque
390 953 504 1015 decent
520 955 605 1015 fusae
620 953 721 1014 lactea
736 952 817 1014 colla
830 955 939 1029 iubae3

190 1040 295 1118 thue
310 1039 372 1098 tuis
389 1035 517 1118 longum
531 1039 734 1117 dominusque
749 1056 890 1118 puerque
904 1038 1051 1100 fruantur

233 1124 432 1201 Muneribus,
449 1130 571 1182 tonsum
585 1122 634 1182 fao
650 1123 730 1200 cito,
751 1140 821 1186 sero
838 1123 945 1182 virum.

566 1255 689 1316 XXXII.

192 1369 262 1428 Non
276 1376 405 1445 amoto,
427 1367 549 1445 Sabidi,
570 1387 629 1429 nec
643 1387 768 1449 possum
784 1367 889 1429 dicere
906 1387 1022 1447 quare:

236 1453 305 1513 Hoc
319 1459 437 1513 tantum
453 1471 576 1533 possum
592 1451 714 1530 dicere,
734 1471 796 1512 non
811 1471 876 1511 amo
889 1457 930 1511 te.

561 1585 696 1647 XXXIII.

196 1699 349 1758 Amissum
361 1720 423 1759 non
438 1701 495 1760 iIet
509 1721 576 1761 eum
591 1699 658 1760 sola
672 1707 720 1760 est
736 1699 838 1760 Gellia
850 1710 989 1782 patrem,

235 1783 351 1861 Siquis
367 1782 471 1861 adest,
491 1785 594 1846 iussae
610 1784 777 1865 prosiIiunt
791 1783 947 1847 lacrimae.

191 1865 260 1927 Non
275 1865 363 1944 luget
378 1869 517 1947 quisquis
531 1865 669 1947 laudari,
692 1866 812 1946 Gellia,
835 1869 972 1948 quaerit,

235 1947 294 2009 Ille
310 1949 396 2011 dolet
410 1970 501 2030 vere,
524 1954 576 2030 qui
591 1954 658 2013 sine
673 1959 755 2012 teste
771 1951 866 2014 dolet.

558 2101 696 2162 XXXIV.

192 2211 389 2272 Incustoditis
405 2218 438 2272 et
452 2214 585 2292 apertis,
606 2212 736 2290 Lesbia,
753 2231 876 2293 semper

234 2295 404 2357 Liminibus
418 2315 528 2376 peccas
542 2315 601 2357 nec
616 2303 668 2356 tua
681 2297 764 2356 iuria
782 2298 880 2375 tegis,

190 2380 233 2439 Et
246 2378 315 2459 plus
332 2387 488 2460 spectator
503 2401 592 2459 quam
603 2387 639 2440 'te
653 2379 790 2440 delectat
807 2379 927 2440 adulter

234 2463 300 2522 Nec
318 2470 389 2522 sunt
404 2471 489 2541 grata
503 2465 560 2523 tibi
575 2462 684 2542 gaudia
698 2466 724 2524 si
740 2484 798 2544 qua
811 2462 918 2523 latent.

172 2545 239 2606 5At
252 2547 401 2606 meretrix
416 2547 511 2623 abigit
524 2553 635 2608 testem
651 2546 785 2627 veloque
800 2565 930 2626 seraque

233 2629 376 2707 Raraque
391 2628 567 2690 Summoeni
582 2631 703 2692 fornice
716 2633 794 2692 rima
808 2637 904 2712 patet.

192 2713 219 2772 A
235 2713 356 2774 Chione
375 2711 482 2774 saltem
497 2711 547 2772 vel
562 2716 599 2774 ab
615 2714 687 2775 Iade
703 2714 787 2775 disce
802 2715 968 2796 pudorem:

233 2795 436 2857 Abscondunt
449 2817 575 2877 spurcas
590 2805 622 2858 et
636 2801 823 2859 monimenta
840 2797 937 2878 lupas.

191 2879 346 2960 Numquid
362 2879 439 2942 dura
451 2882 509 2941 tibi
523 2882 648 2942 nimium
665 2901 794 2943 censura
807 2878 953 2943 videturi

152 2973 186 3026 10
235 2963 395 3044 Deprendi
409 2971 479 3024 veto
494 2972 543 3042 te,
565 2965 693 3044 Lesbia,
715 2986 776 3026 non
792 2968 880 3026 futui.

565 3099 689 3161 XXXV.

192 3210 309 3272 Versus
326 3211 464 3270 scribere
479 3229 529 3271 me
542 3231 649 3292 pamm
665 3230 790 3272 severos

192 3294 258 3354 Neo
276 3313 351 3375 quos
366 3293 526 3374 praelegat
540 3297 573 3354 iu
589 3293 694 3355 schola
708 3296 870 3374 magister,

193 3378 334 3455 GorneII‚
359 3380 515 3457 quereris:
537 3378 594 3437 sed
611 3379 645 3438 hi
657 3377 777 3457 libelli,

193 3460 353 3540 Tanquam
369 3462 548 3538 coniugibus
563 3463 626 3520 suis
640 3464 761 3540 marIti,
