2474 3906
469 257 512 318 M.
528 257 621 318 vat.
638 256 863 318 MARTIALIS

200 421 216 473 5
230 408 410 488 Depreudat
425 427 518 467 vacuo
532 412 659 467 venator
673 407 706 468 iu
720 409 792 467 aire
806 407 968 487 praedam,

274 494 306 552 Si
324 498 450 572 captare
465 492 547 551 ieras
564 492 688 571 aucupis
703 498 769 550 arte
783 491 895 571 placet.

630 607 694 670 xii.

231 712 315 771 Inter
332 710 503 769 Caesareae
519 705 697 766 discrimina
712 725 801 766 saera
815 707 929 766 Dianae

270 793 406 853 Fixisset
421 789 574 870 gravidam
586 809 653 850 cum
667 787 746 850 levis
761 791 847 852 hasta
862 809 962 870 suem,

228 877 346 940 Exiluit
359 883 465 955 partus
480 876 611 935 miserae
627 871 667 933 de
681 873 810 934 vulnere
824 877 938 936 matris.

272 963 299 1021 0
313 960 430 1020 Lucina
444 960 550 1040 ieron,
568 959 627 1017 hoc
641 959 802 1040 peperisse
814 958 895 1018 fuit?

206 1044 377 1108 5Pluribus
393 1041 448 1104 illa
462 1045 539 1104 mori
555 1041 703 1102 voluisset
716 1043 818 1102 saucia
831 1040 921 1121 telis,

271 1129 420 1189 Omnibus
435 1135 469 1187 ut
482 1127 564 1186 natis
578 1127 670 1185 triste
687 1131 810 1206 pateret
824 1127 895 1188 iter.

230 1215 305 1290 Quis
320 1217 413 1290 negat
427 1229 496 1270 esse
512 1215 610 1270 satum
624 1217 763 1270 materno
778 1210 890 1273 funere
907 1213 1086 1274 Bacchum?

272 1297 323 1356 Sic
339 1295 475 1373 genitum
490 1312 602 1354 numen
619 1293 755 1354 credite:
778 1300 849 1354 irata
864 1297 932 1358 iera
947 1302 1003 1357 est.

620 1413 697 1475 xlii.

227 1515 292 1575 leta
306 1513 390 1592 gravi
404 1513 469 1574 telo
488 1513 691 1591 confessaque
706 1510 834 1572 vulnere
849 1519 947 1571 mater

273 1598 331 1658 Sus
347 1598 467 1678 pariter
479 1599 570 1657 vitam
585 1595 725 1676 perdidit
739 1603 831 1676 atque
846 1593 941 1655 dedit.

227 1683 253 1741 0
272 1701 360 1759 quam
376 1687 462 1741 certa
475 1681 537 1740 tuit
549 1679 663 1740 librato
680 1677 807 1740 dextera
823 1680 924 1740 ferro!

270 1766 359 1824 Hane
374 1781 433 1842 ego
448 1765 582 1824 Lucinae
599 1762 693 1824 credo
707 1760 803 1826 fuisse
818 1783 947 1824 manum.

204 1849 364 1929 5Experta
384 1855 433 1908 est
446 1866 559 1907 numen
574 1850 709 1908 moriens
723 1850 882 1926 utriusque
898 1848 1029 1924 Dianae,

269 1935 397 2011 Quaque
415 1929 515 1992 soluta
528 1951 640 2012 parens
656 1951 776 2012 quaque
790 1937 952 2012 perempta
965 1931 1033 1991 fera
1047 1941 1111 1995 est.

618 2049 698 2109 XIV.

228 2147 285 2208 Sus
301 2148 369 2207 iera
382 2149 443 2208 iam
457 2149 580 2226 gravior
595 2148 707 2208 maturi
723 2149 853 2228 pignore
868 2150 986 2208 ventris

268 2233 380 2292 Emisit
393 2233 509 2312 fetum,
531 2229 658 2294 vulnere
672 2232 753 2292 faeta
767 2251 897 2313 pareus;

223 2315 289 2376 Nec
303 2317 398 2379 iacuit
410 2323 533 2397 partus,
555 2315 612 2376 sed
624 2322 721 2375 matre
737 2315 867 2376 cadente
882 2318 1027 2378 cucurrit.

269 2401 295 2459 0
311 2408 456 2480 quantum
473 2406 521 2461 est
532 2401 644 2460 subitis
661 2400 779 2460 essibus
794 2401 964 2479 ingenium!

626 2518 693 2580 XV.

226 2615 348 2675 Summa
362 2621 452 2692 tuae,
474 2614 653 2694 Meleagre‚
675 2616 736 2676 fuit
751 2635 828 2695 (puae
843 2616 940 2694 gloria
956 2616 1071 2696 famae,

269 2700 421 2775 Quantum
437 2701 501 2759 esti
530 2700 724 2780 Carpophori
738 2701 840 2780 portio
855 2700 941 2760 fusus
957 2718 1041 2780 aper.

225 2781 284 2844 llle
300 2791 332 2843 et
345 2784 509 2864 praecipiti
526 2783 673 2844 venabula
690 2782 829 2844 condidit
843 2802 931 2860 urso,

267 2868 388 2926 Primus
402 2869 435 2927 in
451 2869 558 2929 Arctoi
575 2871 627 2948 qui
641 2869 701 2927 fuit
715 2887 786 2927 arce
800 2867 882 2948 poli,

202 2951 341 3012 tstravit
355 2958 388 3011 et
402 2953 505 3031 ignota
522 2951 720 3033 spectandum
735 2950 817 3012 mule
834 2951 973 3028 leonem,

267 3035 439 3095 Herculeas
452 3037 555 3116 patuit
569 3038 619 3115 qui
636 3035 777 3097 decuisse
793 3055 914 3113 manus,

221 3120 263 3181 Et
275 3119 432 3179 volucrem
446 3119 538 3199 longo
554 3122 695 3200 porrexit
707 3119 835 3180 volnere
850 3118 987 3200 pardum.

267 3205 407 3264 Praemia
425 3225 493 3264 eum
509 3203 632 3263 tandem
648 3205 764 3282 ferret,
785 3204 884 3264 adhuc
897 3207 1031 3283 poterat.

624 3323 703 3387 xvl.

226 3419 342 3499 Raptus
358 3418 421 3480 abit
435 3419 535 3480 media
551 3420 633 3499 quod
648 3421 686 3480 ad
701 3423 827 3483 aethera
842 3429 947 3484 taurus
961 3423 1104 3505 harena,

264 3503 333 3562 Non
348 3503 407 3563 fuit
422 3504 480 3564 hoe
497 3505 588 3580 artis,
610 3503 666 3564 sed
681 3507 806 3586 pietatis
821 3526 906 3586 opus.
980 3543 983 3550 ·
