2460 3878
338 205 763 268 nrrunnnmnaonnra.
778 207 884 270 nna¹
1051 209 1113 276 237
1189 158 1197 232 ἶ

158 360 236 419 llum
252 375 310 436 per
324 354 430 416 limina
444 364 476 416 te
492 360 701 438 potentiorum

135 439 305 505 5Sudatrix
321 445 392 518 tuga
403 441 534 502 ventilat
547 460 716 521 vagumque

156 525 260 585 Maior
277 521 404 583 Caelius
419 531 452 584 et
465 527 565 585 minor
579 525 724 604 fatigant:

157 609 211 668 Me
227 605 339 667 multos
354 609 491 686 repetita
500 615 574 688 post
588 609 777 670 Decembres

156 691 287 770 Accepit
301 708 369 750 mea
382 692 592 770 rusticumque
607 692 684 753 fecit

155 777 240 834 Auru
256 771 378 834 Bilbilis
394 780 426 833 et
440 777 573 854 superba
587 776 683 836 ferra.

113 870 145 920 10
154 858 214 917 llic
231 857 310 936 pigri
324 855 451 917 colimus
465 856 571 918 labore
587 856 670 918 dulci

157 940 326 1001 Boterdum
342 939 558 1020 Plateamque3
578 940 747 1002 celtiberis

156 1025 243 1085 Haec
259 1030 330 1083 sunt
344 1027 467 1083 nomina
482 1026 634 1084 crassiora
641 1026 752 1084 terris.

156 1108 278 1186 lugenti
293 1107 382 1167 fruor
395 1109 598 1188 improboque
613 1127 735 1186 sumno,

156 1193 254 1268 Quem
270 1209 328 1251 nec
342 1193 436 1251 tertia
451 1211 543 1272 saepe
559 1194 674 1274 rumpit
688 1193 781 1270 hora,

113 1277 194 1339 let
209 1282 307 1336 totum
321 1275 396 1334 mihi
408 1295 488 1334 nunc
502 1293 636 1355 repono,
660 1273 809 1355 quidquid

153 1359 220 1419 'l'er
235 1357 331 1418 denos
346 1357 537 1437 vigilaveram
552 1378 608 1438 per
623 1378 726 1419 anuos.

152 1444 260 1520 Ignota
274 1449 328 1502 est
338 1449 424 1520 toga,
446 1440 503 1502 sed
517 1441 607 1502 datur
620 1441 742 1522 petenti

156 1527 258 1606 Rupta
271 1527 409 1605 proxima
423 1527 517 1585 vestis
533 1546 550 1584 a
566 1525 723 1592 cathedra.

155 1609 340 1688 Surgentem
356 1609 443 1668 iocus
458 1609 573 1688 eacipit
588 1610 721 1689 superba

110 1694 258 1757 novicini
272 1699 358 1752 strue
374 1690 474 1752 cultus
489 1687 604 1770 ilic'eti,

153 1775 256 1837 Multa
270 1773 362 1836 vilica
376 1792 466 1854 quem
482 1783 609 1836 coronat
624 1773 694 1836 olla.

153 1861 294 1924 Venator
307 1861 464 1939 sequitur,
487 1859 542 1919 aed
555 1857 610 1918 ille
626 1877 716 1938 quem
733 1864 767 1920 tu

154 1944 282 2004 Secreta
299 1944 403 2023 cupias
415 1944 532 2004 habere
546 1941 632 2006 silva.

155 2028 318 2107 Dispensat
332 2028 437 2107 pueris
453 2033 604 2106 rogatque
616 2023 727 2106 longus

108 2111 244 2172 caneva
259 2127 379 2191 ponere
393 2109 502 2172 vilicus
519 2105 657 2192 capillus.

155 2193 206 2254 Sic
222 2212 270 2254 me
286 2196 406 2272 rivere,
428 2196 473 2255 uic
488 2195 570 2254 iurat
583 2193 699 2272 perire.

552 2325 631 2386 XlX.

153 2441 188 2500 ln
203 2440 333 2501 thermis
347 2441 440 2500 sumit
452 2439 603 2516 lactucas,
623 2458 694 2515 ava,
715 2433 883 2514 lacertum,

194 2525 236 2584 nt
249 2541 361 2584 cenare
381 2523 463 2583 domi
478 2541 511 2582 ae
526 2528 618 2600 negat
633 2518 791 2590 Aemilius.

495 2651 502 2664 “
555 2655 622 2715 ΧΧ.

152 2723 255 2845 Quare
271 2786 333 2828 nun
348 2766 475 2845 babeat,
497 2765 643 2844 Fabulle,
667 2767 790 2845 quaeris

151 2849 498 2924 UxoremTlrcmiueni
519 2851 615 2911 habet
629 2867 779 2912 acrorem.

549 2983 630 3047 xxi.

152 3098 344 3178 Municipem
358 3093 452 3176 rigidi
467 3095 534 3175 quia
549 3101 598 3172 te,
621 3091 787 3173 Marcella,
808 3092 931 3158 Salonis

192 3181 235 3241 nt
248 3181 383 3259 genitam
396 3180 512 3240 nostris
528 3180 596 3257 quis
610 3183 781 3259 puteteme
795 3175 898 3238 lucis?

153 3264 231 3327 Tam
245 3284 366 3343 rarum,
389 3263 458 3325 dam
473 3260 564 3323 dulce
577 3263 677 3344 sapis3
700 3260 817 3322 Palatia
832 3260 952 3337 dicant,

198 3347 366 3409 Audierint
379 3348 406 3408 si
421 3355 454 3408 tc
470 3343 522 3408 rel
533 3344 647 3423 semel,
669 3363 738 3407 esse
755 3363 849 3406 suam.

133 3429 250 3498 tNulla
265 3450 323 3493 nec
337 3433 370 3492 in
383 3431 485 3492 media
500 3429 634 3492 certabit
648 3433 719 3489 uata
732 3427 868 3502 Subura,
