2426 3900
337 245 679 348 uniennmma'ron
694 288 767 349 ιιι.
783 291 804 352 ι.

498 439 650 502 LXXXV.

130 550 296 614 Venderet
310 551 448 611 excultos
465 551 560 610 colles
576 571 643 611 cum
657 571 770 632 praeeo
786 553 906 616 facetus

176 634 279 712 Atque
294 637 580 712 suburbani-iugera
593 635 724 714 pulchra
740 635 815 714 soli,

8 742 11 748 ·
130 715 268 796 „Idrrat“
285 721 328 782 ait
341 720 390 796 „si
406 721 474 797 quIs
489 719 590 778 Mario
606 727 694 797 putat
710 737 783 780 esse
794 741 924 784 necesse

175 801 338 863 Vendere:
358 802 402 861 nil
418 802 528 879 debet,
549 803 673 862 fenerat
687 803 778 863 immo
794 807 921 886 magIs.“
958 861 960 866 .

107 886 268 963 5„„Quae
283 887 361 944 ratio
377 892 426 945 est
439 886 606 964 Igitur‘l““
627 887 762 964 „Servos
776 890 821 948 ibi
834 889 974 969 perdidit
986 909 1091 952 omnes

174 969 216 1030 Et
229 988 324 1048 pecus
340 976 372 1029 et
386 970 521 1047 fructus,
544 989 605 1029 non
622 977 702 1028 amat
716 970 789 1030 inde
803 973 938 1034 locum.“

132 1053 208 1127 Quis
222 1053 342 1112 faceret
355 1055 490 1132 pretium
504 1054 565 1112 nisi
580 1056 632 1130 qui
649 1073 702 1112 sua
716 1055 852 1133 perdere
866 1055 965 1117 vellet

177 1136 307 1196 Omnia?
336 1135 387 1196 Sic
402 1137 504 1220 Mario
520 1139 628 1196 noxius
644 1137 755 1197 haeret
770 1157 852 1217 ager.

485 1269 650 1331 LXXXVI.

127 1368 258 1431 Vicinus
273 1386 358 1427 meus
374 1374 423 1427 est
437 1387 587 1447 manuque
602 1371 688 1446 tangi

12 1465 43 1542 p.
55 1489 88 1540 0,
123 1431 176 1522 dfe
192 1453 306 1512 uostris
321 1452 435 1512 Novius
449 1458 554 1531 potest
568 1453 726 1534 fenestris.

128 1536 206 1610 Quis
220 1555 282 1594 non
296 1534 432 1595 invideat
447 1537 522 1595 mihi
534 1543 688 1616 putetque
703 1548 706 1553 “

122 1611 225 1697 Horis
241 1621 381 1679 omnibus
397 1637 465 1680 esse
481 1639 529 1678 me
545 1621 683 1697 beatum,

104 1694 237 1786 §Iuncto
253 1703 303 1762 cui
317 1700 412 1762 liceat
426 1705 488 1763 frui
503 1701 634 1763 sodale?
908 1767 913 1771 ,

128 1787 208 1846 Τιιιι
222 1785 317 1864 longe
332 1793 381 1846 est
396 1789 470 1847 mihi
486 1807 576 1867 quam
592 1787 818 1864 Terentianae,

117 1860 188 1948 Καὶ
202 1889 284 1930 nunc
298 1867 446 1931 Niliacam
459 1872 542 1949 regit
557 1871 689 1949 Syenen.

126 1954 198 2014 Non
212 1955 393 2032 convivere,
414 1974 473 2015 nee
488 1953 595 2015 videre
610 1956 727 2032 saltim,

122 2028 198 2112 Xon
213 2037 321 2098 audire
333 2036 427 2116 licet,
449 2058 508 2099 nec
522 2041 600 2098 urbe
615 2045 681 2098 tota

75 2134 119 2187 10
126 2105 295 2200 ffuisquam
311 2128 360 2182 est
373 2129 436 2182 tam
449 2141 547 2203 prope
563 2127 624 2182 tam
638 2119 809 2202 proculque
825 2125 922 2185 nobis.

126 2204 326 2283 Migrandum
342 2213 391 2266 est
406 2208 480 2267 mihi
494 2207 614 2283 longius
628 2205 679 2265 vel
695 2205 752 2267 illi.

123 2289 254 2350 Vicinus
268 2289 365 2348 Novio
380 2291 430 2350 vel
446 2289 615 2368 inquilinus

25 2380 39 2396 ”·
87 2449 101 2462 ..
115 2358 192 2464 pit,
215 2374 241 2431 si
256 2374 324 2450 quis
338 2373 466 2434 Novium
479 2373 587 2434 videre
602 2392 665 2431 non
681 2372 753 2434 volt.

476 2506 655 2569 LXXXVII.

125 2604 176 2666 Ne
191 2607 290 2683 gravis
305 2604 455 2664 hesterno
470 2606 607 2682 fragres,
628 2604 816 2682 Fescennia,
830 2605 918 2682 vino,

83 2731 90 2742 -
171 2689 315 2749 Pastillos
331 2689 434 2750 Cosmi
448 2687 604 2748 luxuriosa
616 2707 715 2750 voras.

124 2775 189 2834 Ista
203 2773 306 2832 linunt
321 2772 432 2833 dentes
447 2771 616 2848 iantacula,
638 2771 695 2831 sed
708 2770 787 2831 nihil
803 2775 942 2850 obstant,

169 2859 318 2917 Extremo
335 2863 441 2916 ructus
457 2876 524 2916 cum
538 2855 623 2914 redit
640 2875 657 2914 a
671 2857 827 2915 barathro.

98 2940 214 3017 5Quid
233 2940 316 3020 quod
331 2940 395 3001 olet
409 2942 529 3018 gravius
544 2942 670 2999 mixtum
685 2939 872 3020 diapasmate
885 2941 970 3000 virus

71 3065 76 3073 -
169 3026 273 3104 Atque
289 3022 404 3105 duplex
420 3026 536 3094 animae
555 3023 676 3100 longius
695 3025 758 3083 exit
772 3023 873 3084 odor?

120 3111 222 3172 Notas
239 3128 313 3188 ergo
328 3110 420 3168 nimis
434 3107 560 3168 fraudes
577 3105 791 3187 deprensaque
804 3107 888 3169 furta

168 3194 230 3253 Iam
243 3192 336 3253 tollas
351 3200 384 3252 et
399 3194 440 3252 sis
455 3194 542 3252 ebria
556 3189 747 3270 simpliciter.
853 3247 854 3254 ,

472 3328 654 3391 LXXXVIII

119 3440 263 3517 Alcime,
287 3459 379 3520 quem
393 3447 515 3521 raptum
529 3441 653 3501 domino
670 3440 882 3501 crescentibus
896 3438 984 3498 aunis

164 3524 318 3584 Lauicana
332 3524 395 3585 levi
413 3527 531 3605 cespite
546 3524 628 3585 velat
644 3525 769 3594 humus,
