2500 3912
523 201 647 248 sabina
669 203 693 248 1.

106 344 179 422 lpse,
202 342 368 402 lacernatae
389 357 475 422 Qu
496 359 529 400 se
551 343 673 404 iactaret
694 343 818 405 amicae!

106 426 202 489 Nonne
225 425 295 486 libet
313 422 408 483 medio
431 441 517 485 ceras
539 426 662 503 implere
685 443 810 505 capaces

106 509 275 585 Quadrivio⁷
298 527 384 586 qutun
402 509 458 567 iarn
484 518 567 569 sexta
590 511 707 570 cervice
729 511 855 588 feratur,

105 595 172 654 llinc
193 601 279 672 atque
301 591 365 651 inde
387 601 492 672 patens
514 612 549 652 ac
571 594 647 653 nuda
669 612 763 672 paene
787 595 926 656 cathedra

104 677 138 739 Et
158 678 273 738 multum
292 677 427 736 referens
450 676 488 736 dc
510 676 682 738 Maecenate
706 680 828 757 supino,

105 764 236 840 Signator
257 761 350 835 falso,
376 761 424 838 qui
448 777 489 838 sc,
504 761 612 822 lautum
635 771 723 840 atque
745 763 860 824 beatum

103 845 217 924 llxiguis
238 845 343 906 tabulis
365 853 395 904 et
414 861 529 922 gemma
548 845 661 906 iecerat
680 843 759 907 uda?

104 929 229 990 Occurrit
248 938 379 990 matrona
402 937 526 1007 potans,
551 948 626 1007 quae
648 930 738 990 molle
762 930 900 991 Calenum

102 1014 269 1075 Porrectura
290 1015 353 1072 viro
373 1016 476 1073 miscet
498 1015 614 1073 sitiente
634 1013 781 1090 rubetam,

102 1099 277 1177 instituitque
300 1097 389 1157 rudes
407 1098 512 1157 melior
533 1095 658 1158 Lucusta
680 1101 860 1177 propinquas

102 1182 153 1243 Per
172 1182 276 1242 lamam
297 1191 327 1241 et
349 1181 488 1262 populum
510 1183 612 1259 nigros
637 1181 744 1242 afferre
763 1183 892 1243 maritos.

103 1267 180 1328 Ande
200 1266 310 1346 aliquid
332 1265 479 1326 brevibus.
496 1263 599 1341 Gyaris
623 1276 652 1326 et
674 1284 795 1328 carcere
819 1267 950 1343 dignum,

102 1351 189 1411 Siris
211 1368 281 1411 esse
303 1349 427 1428 aliquid:
452 1348 584 1429 probitas
607 1351 739 1411 laudatur
757 1360 787 1411 et
809 1350 900 1427 alget,

103 1433 269 1495 Criminibus
292 1433 400 1494 debent
419 1433 538 1511 hortos,
560 1437 725 1513 praetoria,
748 1453 882 1510 mensas,
926 1437 927 1440 ’

102 1521 254 1597 Argentum
275 1526 359 1578 vetus
382 1527 411 1578 et
432 1527 555 1579 stantem
577 1527 659 1581 extra
682 1520 789 1599 pocula
812 1537 938 1597 caprum.

102 1603 187 1678 Quem
208 1603 317 1684 patitur
338 1602 465 1664 dormire
486 1621 575 1663 nurus
598 1612 754 1682 corruptor
776 1621 897 1680 avarae,

102 1685 187 1762 Quem
209 1703 339 1768 sponsae
362 1695 463 1766 turpes
486 1697 516 1747 et
533 1696 733 1766 praetentatus
757 1685 891 1749 adulter?

102 1773 129 1832 Si
149 1781 246 1833 natura
270 1779 374 1849 negat,
397 1771 467 1831 iacit
487 1771 647 1849 indignatio
668 1791 801 1849 versum,

102 1854 334 1934 Qualemcnuque
357 1863 473 1934 potest,
498 1856 600 1935 quales
624 1873 681 1935 ego
702 1857 752 1917 vel
775 1856 941 1917 Cluuienus.

158 1939 202 2000 Ex
224 1957 284 2021 quo
307 1939 470 2000 Deucalion
490 1940 592 1999 nimbis
612 1941 783 2002 tollentibus
802 1958 914 2018 aequor

100 2022 216 2102 Navigio
239 2033 368 2085 montem
390 2024 521 2084 ascendit
541 2033 697 2104 sortesque
720 2026 874 2108 poposcit,

102 2107 292 2188 Paulatimque
314 2110 407 2168 anima
431 2109 580 2169 caluerunt
601 2110 700 2171 mollia
722 2129 810 2186 sana,

102 2189 136 2251 Et
155 2193 281 2253 maribus
303 2193 394 2254 nudas
417 2193 543 2254 ostendit
565 2193 676 2271 Pyrrha
699 2195 824 2274 puellas,

104 2273 240 2356 Quidquid
260 2286 348 2356 agunt
363 2275 511 2353 homines,
527 2286 643 2353 votum,
660 2279 761 2353 timor,
779 2280 836 2353 ira,
853 2275 1007 2353 voluptas,
1052 2283 1085 2337 85

104 2357 218 2438 Gaudia,
244 2361 413 2438 discursus,
436 2363 527 2422 nostri
549 2361 668 2438 farrago
691 2360 783 2421 libelli
806 2368 861 2419 est.

103 2441 137 2502 Et
156 2445 271 2524 quaudo
293 2445 413 2506 uberior
434 2447 569 2506 vitiorum
592 2441 700 2524 copia?
722 2444 836 2523 quando

103 2525 187 2588 llaior
209 2531 349 2591 avaritiae
370 2531 462 2608 patuit
481 2527 583 2590 sinus?
606 2530 671 2590 alea
693 2529 807 2609 quaudo

103 2610 157 2672 llos
175 2613 308 2675 animosi
329 2631 425 2692 neque
449 2616 524 2691 enim
546 2614 652 2676 loculis
674 2614 877 2676 comitantibus
899 2613 956 2672 itur

104 2695 143 2756 Ad
167 2716 265 2758 casum
285 2697 418 2773 tabulae,
438 2701 535 2777 posita
555 2698 609 2760 aed
630 2698 739 2759 luditur
760 2717 838 2760 arca.
875 2768 881 2782 fl
1055 2704 1089 2758 90
1150 2694 1153 2700 ’

103 2779 212 2842 Proelia
234 2793 340 2862 quanda
358 2782 421 2843 illic
441 2783 646 2862 dispensatore
669 2781 782 2844 videbis

104 2863 267 2942 damigero!
290 2867 454 2947 simplexne
473 2867 556 2927 furor
578 2869 715 2927 sestertia
738 2875 853 2928 centum

104 2947 225 3010 Perdere
249 2961 278 3011 et
297 2950 427 3012 horrenti
449 2954 574 3012 tunicam
596 2969 654 3011 nou
675 2950 802 3012 reddere
824 2945 935 3009 servo?

105 3029 169 3104 Quis
192 3034 312 3096 totidem
335 3037 429 3096 erexit
450 3037 552 3113 villas,
576 3037 640 3115 quia
660 3035 774 3096 lancula
795 3044 909 3113 septem
1126 3095 1129 3104 ,

105 3115 222 3178 Secreto
246 3121 381 3192 coenavit
399 3117 492 3181 arus?
513 3137 589 3180 nuuc
609 3119 739 3199 sportula
762 3120 854 3198 primo
1055 3123 1088 3177 95

105 3197 205 3263 limine
228 3222 318 3283 parua
339 3204 440 3281 sedet,
464 3204 567 3266 turbae
586 3204 725 3283 rapienda
747 3199 981 3292 togataeys

105 3281 153 3346 llle
175 3295 270 3350 tanuen
292 3290 398 3351 laniem
420 3291 499 3370 prius
521 3291 637 3369 inspicit
661 3297 690 3349 et
711 3288 853 3367 trepidat,
877 3305 914 3347 uc

107 3368 275 3450 suppositus
296 3377 397 3436 venias
421 3392 456 3435 ac
473 3374 549 3435 laiso
568 3374 684 3434 nominc
704 3389 823 3454 poscas.

109 3451 221 3530 Agnitus
244 3460 387 3539 accipies;
410 3459 491 3520 iubet
512 3477 528 3519 a
551 3475 699 3538 praecone
722 3457 824 3516 vocari
842 3536 884 3595 1*
