2460 3878
337 237 818 324 urrcmmmnronuiusu.

138 414 183 473 Et
199 433 262 474 non
280 412 369 471 unius
380 417 543 490 spectator
555 410 687 472 lectulus
699 411 815 489 undae,

94 507 131 559 10
185 498 245 573 Qui
260 495 347 556 videt
359 496 431 554 hinc
445 513 565 574 puppes
578 496 730 574 fluminis,
751 495 825 556 iude
840 497 947 558 maris!

138 579 206 641 Sed
220 599 280 642 uec
295 576 441 640 Marcelli
453 578 752 660 Pompeiannmque,
773 598 832 640 nec
847 579 914 641 illic

184 665 263 724 Sunt
277 661 419 743 triplices
435 664 593 740 thermae,
609 682 668 723 nee
684 665 753 724 iura
766 665 870 724 iuncta
885 671 1013 743 qnater,

138 749 207 809 Nec
222 747 390 828 Capitulini
404 765 551 806 summum
566 747 728 826 penetrale
745 748 911 826 'l'uuuntis,

182 831 331 911 Quaeque
345 832 448 892 nitent
462 827 549 888 eaelo
564 832 702 909 proxima
717 829 835 911 templa
849 851 913 892 suu.

115 915 273 977 15Dicere
287 922 319 974 te
331 914 446 975 lassum
461 914 603 991 quotiens
618 932 676 992 ego
692 914 786 974 credo
802 916 946 991 Quirino:
1189 963 1190 966 ,

181 1000 290 1078 „Quae
304 1007 357 1059 tua
378 1006 466 1073 suut,
487 997 546 1057 tibi
561 997 656 1057 habe:
679 1017 757 1076 quse
773 1017 856 1076 mea,
878 998 976 1058 redde
992 999 1097 1062 mihi.“
1189 1007 1190 1010 ’

552 1130 614 1192 Lll.

138 1241 269 1322 Thelyn
285 1241 406 1302 viderat
421 1243 454 1299 in
468 1246 540 1320 tuga
555 1241 731 1321 spadonem.

136 1325 316 1386 Damnatam
331 1325 428 1385 Numa
443 1322 520 1384 dixit
534 1343 603 1385 esse
618 1327 786 1388 moechum.

499 1453 502 1458 ’
540 1459 616 1519 Llll.

139 1569 199 1631 ille
215 1589 273 1650 ege
288 1590 353 1630 sum
368 1571 520 1650 Scorpus,
544 1569 672 1630 clamosi
687 1571 787 1650 gloria
802 1571 902 1646 Circi,

178 1651 325 1732 Plausus,
347 1655 458 1731 Roma,
477 1657 522 1713 tui
539 1652 732 1732 deliciaeque
747 1655 873 1731 breves,

136 1737 244 1799 Invida
258 1757 349 1817 quem
364 1738 510 1798 Lachesis
525 1744 646 1818 raptum
660 1736 825 1799 trieteride
838 1756 919 1796 nonu

180 1823 259 1881 llum
273 1827 415 1894 numerat
429 1818 561 1902 palmas,
582 1821 718 1882 credidit
732 1840 801 1882 esse
817 1837 931 1883 senem.
998 1887 1000 1892 ,

539 1970 617 2033 LlV.

138 2081 282 2160 Menses,
305 2079 381 2159 01e,
403 2083 496 2141 bonas
511 2083 618 2162 ponis,
634 2081 690 2143 sed
703 2083 792 2161 punis
810 2087 943 2161 opertas.

181 2162 358 2226 Ridiculum
373 2169 436 2224 est:
456 2184 580 2246 possum
591 2166 640 2224 sic
654 2183 711 2243 ego
727 2166 843 2225 habere
858 2168 963 2227 bcuas.

546 2297 610 2361 LV.

141 2415 307 2474 Arrectum
324 2415 467 2493 quotiens
483 2397 620 2474 Marulla
633 2428 745 2490 penem

137 2498 285 2557 Pensavit
300 2496 404 2574 digitis
419 2496 533 2576 diuque
550 2514 654 2556 mensa
668 2501 732 2572 est,

138 2580 265 2657 libras,
287 2581 422 2660 scripula
436 2578 631 2658 sextulasque
648 2577 731 2639 dicit.

138 2663 224 2724 ldem
239 2670 310 2744 pust
325 2683 401 2744 opus
416 2670 449 2723 et
465 2683 534 2724 suas
546 2661 717 2745 palaestras

118 2748 221 2808 5Lcrc
238 2768 306 2808 cum
322 2747 432 2808 similis
446 2748 528 2808 iacet
543 2748 691 2828 remisso,

140 2831 260 2909 Quanto
275 2834 316 2892 sit
333 2830 434 2892 levior
447 2829 581 2891 Marulla
595 2829 680 2889 dicit.

142 2915 210 2974 Nun
226 2933 300 2995 ergo
317 2921 366 2976 est
379 2933 485 2975 munus
499 2916 574 2994 ista,
595 2911 652 2972 sed
668 2917 792 2971 statera.

538 3046 615 3109 LVI.

142 3160 248 3240 Totis,
270 3160 376 3241 Galle,
398 3163 486 3222 iubes
504 3161 562 3220 tibi
576 3177 625 3218 me
642 3159 759 3217 seruire
776 3156 886 3218 diebus

183 3246 224 3305 Et
237 3264 295 3325 per
310 3248 495 3307 Aventinum
510 3250 560 3304 ter
575 3249 684 3323 quater
698 3242 746 3300 irc
762 3240 869 3301 lutum.

141 3328 255 3389 Eximit
271 3335 323 3389 aut
336 3330 440 3390 reiicit
455 3328 580 3388 dentem
597 3324 767 3387 Cascellius
782 3342 923 3402 aegrum,

185 3413 319 3474 lniestcs
335 3412 433 3474 oculis
447 3414 528 3488 uris,
551 3413 689 3491 Hygine,
709 3410 806 3490 pilus;

125 3495 213 3556 chn
229 3504 315 3557 secat
330 3505 365 3558 et
377 3496 462 3558 tcllit
475 3494 643 3557 stillantem
657 3494 793 3554 Fannius
808 3512 911 3635 malm,

187 3581 295 3642 Manu:
874 3577 894 3636 6
