2392 3888
196 153 201 162 ’
306 149 799 213 nuluuAMMATONuB.v1.
988 103 990 106 ι
1016 151 1079 216 135

163 305 206 365 nt
221 320 299 383 quoe
315 301 469 381 Cecropio
486 307 590 361 moute
606 309 753 380 vagantur
768 323 859 384 opes,

96 389 271 467 5Qnaeqne
287 391 398 446 sonant
411 383 506 464 pleno
521 404 675 464 vocesque
689 406 858 467 manusque
872 390 1014 468 theatro,

165 472 241 532 (ium
255 469 386 551 populus
402 470 496 529 subiti
512 469 653 530 Caesaris
669 490 722 530 ora
736 471 828 532 videt.

119 553 199 617 Nolo
217 560 293 636 quot
307 559 414 630 arguto
433 551 521 612 dedit
535 561 660 613 exorata
675 553 799 615 catullo

163 638 290 700 Lesbio:
309 656 405 716 pauca
420 637 521 717 cupit,
545 637 597 715 qui
612 656 777 698 numerare
790 645 903 719 potest.

292 828 294 832 ,
416 870 421 882 ,
474 785 628 865 xxiw..

120 933 249 1012 Septem
265 929 445 1011 clepsydras
461 950 569 1009 magns
582 932 639 991 tibi
653 951 729 992 voce
744 934 866 1012 petenti

163 1017 292 1077 Arbiter
306 1016 436 1090 invitus,
458 1013 654 1092 caeciliane,
677 1013 772 1074 dedit.

120 1101 164 1161 ut
177 1106 211 1159 tu
225 1096 321 1158 multo
336 1097 389 1157 din
404 1097 490 1157 ducis
506 1099 676 1176 vitreisque
690 1106 850 1178 tepentem

163 1181 314 1262 Ampullis
330 1188 418 1261 potas
432 1181 636 1261 semisupinus
652 1201 768 1260 aquam.

90 1267 165 1330 §Ut
179 1265 301 1327 undem
316 1267 410 1325 saties
424 1281 592 1344 vocemque
608 1267 752 1344 sitimque
767 1286 925 1349 rogamus,

161 1351 223 1412 lam
239 1349 278 1412 de
293 1347 472 1429 clepsydra,
494 1345 687 1426 caeciliane,
710 1351 806 1412 hibor.

486 1516 624 1578 XXXVI.
665 1514 668 1524 '

121 1653 267 1718 Mentula
280 1660 343 1713 ιιιιι
360 1670 468 1730 magna
483 1657 693 1734 est,quantus
708 1651 783 1727 tibi,
804 1649 926 1731 Papile,
949 1671 1057 1730 ιιιιιιι,

164 1740 209 1802 Ut
223 1738 349 1819 possis,
364 1737 507 1814 quotiens
525 1735 652 1813 arrigis,
674 1733 821 1796 olfacere.

476 1901 628 1964 XXXVII.

117 2019 207 2080 Secti
222 2017 341 2098 podicis
355 2035 452 2094 nsque
468 1997 697 2074 ad'umbilieum

115 2101 225 2164 Nullas
241 2101 399 2178 relliquias
415 2100 509 2158 habet
524 2098 693 2174 Charinus,

115 2188 160 2248 Et
174 2186 276 2266 prurit
290 2191 392 2244 tamen
406 2201 503 2261 usque
519 2181 557 2241 ad
570 2181 755 2242 umbilicum.

118 2271 147 2332 0
163 2276 276 2350 quanta
291 2269 395 2328 scabie
410 2268 504 2325 miser
518 2263 656 2348 laborati

88 2353 231 2418 oculum
245 2352 432 2428 nonhabet,
454 2356 504 2410 est
519 2354 622 2408 tamen
638 2345 792 2407 elnaedus.

475 2517 639 2578 XXXVIII.

116 2635 258 2715 Aspicis,
278 2639 313 2692 nt
326 2652 454 2713 parvus,
475 2649 534 2692 nee
548 2631 647 2692 adhuc
662 2628 827 2691 trieteride
842 2628 936 2709 plena

160 2715 298 2796 Regulus
313 2716 449 2777 auditum
463 2714 571 2776 laudet
585 2722 618 2775 et
632 2717 700 2794 ipse
715 2714 860 2794 patrem?

114 2801 342 2879 Maternosque
356 2801 440 2860 sinus
454 2801 519 2859 viso
531 2801 675 2877 genitore
688 2795 846 2876 relinquat

159 2886 202 2946 Et
216 2887 332 2963 patrias
346 2882 455 2943 landes
467 2885 582 2943 sentiat
596 2900 666 2942 esse
681 2880 773 2940 suasi

86 2969 182 3033 olom
197 2966 314 3040 clamor
328 2973 512 3046 centumque
526 2968 585 3026 viri
600 2965 791 3043 densumque
805 2981 919 3022 corona

160 3050 278 3130 Volgus
294 3058 327 3110 et
341 3051 451 3111 infanti
466 3049 544 3110 iulia
556 3051 640 3110 tecta
653 3047 787 3128 placent.

112 3137 210 3198 Aeris
225 3137 297 3214 eqni
312 3133 437 3195 suboles
451 3153 560 3211 magno
576 3133 621 3193 sic
634 3131 765 3212 pulvere
780 3130 912 3210 gaudet,

159 3219 213 3278 Sic
227 3217 340 3278 vitulus
356 3216 443 3278 molli
456 3215 574 3297 praelia
588 3216 693 3294 fronte
709 3218 803 3296 cupit.

112 3305 174 3381 Di,
197 3309 334 3379 servate,
355 3320 487 3382 precor,
508 3302 600 3359 matri
614 3318 668 3360 suo
681 3308 752 3359 voto
766 3299 926 3378 patrique,

60 3402 105 3456 ιο
158 3384 276 3447 Audiat
291 3392 325 3444 ut
338 3390 443 3446 nutum
456 3382 609 3463 Regulus,
631 3381 687 3442 ills
701 3382 788 3444 duos.
