2426 3900
307 173 648 236 EPIGRAMMATON
661 173 734 248 LIB.
752 173 799 234 ΙΙΙ.
1036 175 1077 242 75

117 329 217 391 Vinea
232 325 314 407 quod
327 327 435 406 primia
450 345 518 385 curn
532 327 627 386 floret
643 346 718 386 cana
731 327 879 404 racemis,

131 449 134 456 ·
160 411 307 474 Gramina
321 407 405 489 quod
420 407 582 486 redolent,
604 427 682 488 quae
697 409 788 471 modo
803 412 920 491 carpsit
936 412 1021 487 ovis3

95 494 210 573 5Quod
225 499 360 574 myrtus,
383 492 466 572 quod
479 512 599 554 messor
612 495 729 571 Arabs,
748 494 832 574 quod
846 496 1055 574 sucinatrita,

159 575 297 639 Pallidus
312 577 379 638 Eoo
394 585 464 636 ture
480 576 563 656 quod
575 578 655 656 ignis
671 575 754 652 olet;

117 663 219 736 Gleba
234 662 316 741 quod
332 661 447 720 aestivo
463 659 575 721 leviter
591 681 660 721 curn
675 662 829 741 spargitur
843 663 960 737 imbre,

160 745 249 822 Quod
267 744 404 806 madidas
418 745 515 805 nardo
533 763 623 825 passa
637 764 751 805 corona
765 764 882 805 comas:

117 833 186 890 Hoc
200 836 269 908 tua,
291 847 382 888 saeve
396 847 475 908 puer
489 828 697 907 Diadumeno,
718 831 802 890 basia
816 829 964 908 fragrant.

79 925 111 976 to
158 912 255 991 Quid,
278 914 305 973 ai
321 916 388 973 tota
403 911 493 972 darer
508 911 564 972 illa
581 915 649 974 sine
664 912 800 972 invidia?

498 1045 603 1107 LXVI.

117 1159 179 1219 Par
197 1159 298 1221 scelus
315 1157 438 1224 admisit
451 1157 574 1218 Phariis
589 1160 742 1219 Antonius
757 1161 863 1228 armis:

162 1243 304 1304 Abscidit
317 1241 419 1302 voltus
434 1242 516 1301 ensis
530 1248 662 1322 uterque
677 1263 790 1304 aaacro.

117 1325 216 1405 lllud,
235 1327 408 1405 laurigeros
424 1343 533 1404 ageres
548 1345 616 1386 cum
631 1325 714 1386 laetu
727 1328 917 1408 triumphos,

159 1410 229 1470 Hoc
243 1412 318 1487 tihi,
340 1410 452 1487 Roma,
475 1416 582 1492 caput,
603 1430 670 1472 cum
686 1409 877 1490 loquereris,
900 1419 975 1472 erat.

94 1495 234 1557 odntoni
247 1500 350 1554 tamen
366 1499 414 1554 est
428 1493 533 1573 peior,
556 1514 644 1572 quam
660 1514 749 1554 causa
763 1495 904 1555 Pothini:

97 1611 100 1618 .
161 1579 221 1636 liic
236 1578 355 1638 facinus
370 1575 494 1637 domino
509 1579 684 1659 praestitit,
704 1576 760 1638 ille
775 1580 843 1639 sihi.

495 1711 615 1774 LXVII.

118 1825 272 1902 Cessatis,
294 1823 400 1903 pueri,
421 1821 562 1902 nihilque
575 1824 691 1902 nostis,

118 1907 258 1969 Vaterno
273 1907 447 1986 Rasinaque
461 1907 632 1986 pigriores,

80 2066 87 2074 ἱ
119 1992 255 2069 Quorum
268 2009 327 2071 per
341 1987 416 2050 vada
429 1989 518 2050 tarda
531 1992 707 2069 navigantes

118 2076 236 2135 Lentos
253 2075 373 2154 tingitis
388 2073 427 2133 ad
443 2071 583 2134 celeuma
595 2092 708 2136 remos.
799 2097 804 2105 ’

99 2161 182 2220 alam
197 2178 296 2239 prono
310 2159 508 2220 Phaethonte
525 2157 616 2218 radat
630 2159 753 2222 Aethon

117 2244 303 2321 Exarsitque
319 2241 402 2315 dies,
424 2249 458 2303 et
471 2243 550 2303 hora
562 2239 661 2304 lassos
753 2313 756 2318 ¹

118 2327 305 2404 Interiungit
319 2344 416 2404 equos
430 2326 609 2386 meridiana.

118 2411 161 2471 At
176 2431 230 2470 voa
244 2416 304 2469 tam
318 2409 455 2489 placidas
469 2410 538 2489 vagi
550 2427 610 2490 per
621 2407 719 2469 undo·

120 2495 202 2554 Tuta
215 2493 323 2554 luditis
337 2495 432 2554 otium
447 2495 559 2554 carina.

95 2577 188 2641 tNou
201 2583 308 2638 nautas
322 2584 397 2658 puto
413 2597 483 2657 ros,
503 2576 561 2638 aed
573 2580 776 2658 Argonautas.

495 2711 627 2774 vaffl.

119 2824 189 2884 Huc
206 2832 365 2905 estusque
381 2813 439 2887 tibi
454 2829 605 2908 scriptus,
619 2833 772 2904 matrona,
786 2822 923 2886 libellus.

163 2909 222 2969 cri
239 2910 301 2970 sint
316 2911 432 2991 scriptu
444 2931 535 2990 rogas
549 2911 723 2972 interiora?
743 2911 827 2972 mihi.

119 2991 336 3072 Gymnasium,
358 2996 516 3072 thermae,
539 2995 670 3074 stadium
686 3000 734 3056 est
751 2995 809 3056 hac
822 2999 928 3075 parte:
950 2990 1072 3055 recede.

159 3075 323 3138 Exuimur:
345 3077 444 3138 nudos
459 3098 552 3160 parce
566 3078 673 3139 videre
688 3079 779 3143 viros.

97 3159 203 3221 allino
218 3162 278 3220 iam
293 3160 436 3242 deposito
451 3169 522 3242 post
538 3165 607 3224 vina
620 3181 768 3242 rosasque
784 3163 904 3244 pudore

164 3243 246 3320 Quid
256 3243 359 3324 dicat,
381 3249 484 3306 nescit
497 3249 598 3308 saucia
614 3243 841 3328 Terpsichore:

119 3325 285 3388 Schemate
299 3347 358 3390 nec
374 3329 484 3409 dubio,
505 3329 562 3392 scd
577 3338 685 3412 aperte
702 3332 839 3392 uomiuat
851 3329 950 3407 illam,

164 3413 261 3488 Quam
279 3415 395 3494 recipit
408 3421 495 3475 sexto
511 3433 617 3476 mense
633 3415 767 3495 superba
781 3415 905 3489 Venus,
