2426 3900
354 272 695 335 EPIGRAMMATON
708 271 781 334 LIB.
797 273 834 336 II.
1071 271 1120 338 47

546 475 641 536 XXX.

157 591 269 652 Mutua
284 588 393 666 viginti
408 592 553 652 sestertia
567 591 651 651 forte
666 591 827 668 rogabam,

203 675 288 750 Quae
302 671 351 733 vel
366 671 493 734 donanti
508 694 569 734 non
585 678 676 752 graie
691 693 798 733 munus
814 682 888 735 erat.

160 758 282 838 Quippe
297 759 464 836 rogabatur
477 757 614 837 felixque
628 765 777 836 vetusque
792 757 906 818 sodalis

101 873 102 878 .
200 842 342 902 Etouiuo
355 839 439 901 launa
454 861 524 902 arca
539 840 676 920 flagellat
690 859 774 922 opes.

137 925 190 988 olo
205 926 281 985 mihi
295 926 408 1004 „Diues
425 928 503 1002 eris,
527 927 553 984 ri
568 945 672 985 causas
688 924 812 1004 egeris“
826 921 936 1002 Inquit.

204 1007 293 1087 Quod
309 1013 382 1089 peto
399 1008 451 1087 da,
475 1009 547 1069 Gai:
566 1029 629 1068 non
644 1015 717 1088 peto
734 1006 903 1068 consilium.

544 1155 651 1216 XXXI.

162 1269 340 1349 Saepeego
356 1270 551 1330 Chrestinam
571 1270 659 1330 futui.
694 1267 756 1329 lIet
771 1287 858 1348 quam
873 1270 954 1330 bene
971 1269 1126 1349 quaeris?

203 1353 302 1433 Supra
317 1352 400 1431 quod
414 1354 485 1412 fieri
498 1351 560 1430 nil,
582 1353 740 1431 Mariana,
761 1359 875 1433 potest.

535 1513 657 1576 XXXII.

158 1625 212 1685 Lis
226 1627 302 1685 mihi
317 1647 385 1687 cum
399 1625 493 1686 Balbo
511 1635 575 1704 est,
591 1634 624 1685 tu
639 1625 766 1686 Balbum
782 1623 944 1686 offendere
959 1627 1092 1705 nonnis,
1109 1667 1112 1673 -

202 1710 348 1769 Pontice:
361 1729 428 1770 curn
439 1708 546 1769 Licino
557 1716 615 1788 eat,
626 1711 678 1773 hic
690 1728 811 1788 quoque
823 1729 947 1789 magnus
958 1711 1049 1770 homo
1058 1717 1123 1771 est..
1153 1711 1159 1724 ’

159 1793 261 1855 Vexat
276 1812 368 1874 aaepe
383 1812 482 1853 meum
498 1794 648 1854 Patrobas
663 1795 792 1854 confinis
808 1792 958 1872 agellum,

203 1877 319 1936 Contra
333 1876 478 1937 libertum
496 1879 637 1938 Gaeaaris
651 1879 697 1937 ire
712 1879 814 1939 times.

135 1961 305 2038 5Abnegat
320 1967 353 2020 et
366 1961 483 2021 retinet
498 1967 635 2022 nostrum
651 1961 783 2021 Laronia
796 1967 935 2040 servum',

202 2043 386 2124 Respondes
401 2043 508 2121 „Orba
523 2052 587 2122 ert,
610 2045 711 2122 dives,
734 2064 823 2123 anus,
845 2045 969 2107 vidua.“

159 2125 228 2186 Non
244 2128 342 2206 bene,
364 2127 457 2188 erede
472 2129 563 2206 mihi,
586 2147 674 2188 seruo
690 2130 823 2188 servitur
839 2131 951 2188 amieo:

204 2210 252 2270 Sit
264 2211 364 2290 liber,
387 2211 526 2272 dominus
544 2213 596 2290 qui
609 2212 693 2272 rolet
708 2208 777 2272 esse
792 2231 888 2275 meus.

526 2357 661 2418 XXXIII.
677 2413 680 2421 .

121 2505 131 2516 ν
160 2472 224 2531 Cur
238 2490 301 2530 non
316 2472 400 2530 basio
416 2477 465 2550 te,
481 2468 649 2531 Philaeni?
665 2471 748 2531 calva
763 2489 806 2531 ea.
832 2533 841 2544 ,

160 2555 225 2614 Cur
239 2572 301 2614 non
315 2555 400 2614 basio
415 2561 465 2634 te,
481 2553 648 2615 Philaeni?
663 2554 732 2612 rufa
748 2572 791 2614 ea.

159 2639 224 2700 Gur
238 2656 299 2696 uon
314 2638 399 2698 bario
415 2644 465 2716 te,
480 2638 647 2698 Philaeni?
662 2637 747 2697 lusca
762 2655 804 2697 es.

158 2724 245 2782 llaec
260 2721 312 2800 qui
326 2721 440 2800 basiat,
463 2742 480 2781 o
495 2720 653 2800 Philaeni,
674 2720 772 2782 fellat.

526 2885 663 2947 XXXIV.

161 2997 238 3056 Cum
253 2995 377 3076 placeat
391 2997 534 3058 Phileros
549 3004 614 3057 tota
628 2997 686 3057 tibi
703 2995 776 3055 dote
791 2993 989 3074 redemptus,

202 3079 277 3140 'I'ris
292 3083 409 3160 pateris
423 3089 529 3160 natos,
551 3080 655 3158 Galla,
677 3079 783 3160 perire
798 3079 888 3140 fame.

156 3165 339 3224 Praestatur
354 3184 429 3224 cano
444 3172 529 3225 tanta
544 3162 736 3242 indulgentia
751 3182 868 3240 cunno,

201 3249 300 3324 Quem
313 3267 372 3308 nee
387 3255 470 3308 casta
484 3250 662 3328 potentiam
678 3247 819 3308 decuisse
833 3247 948 3309 Venus.

133 3333 348 3412 5Perpetuam
364 3330 395 3392 di
410 3340 442 3392 te
457 3333 571 3393 faciant
585 3330 753 3393 Philerotis
770 3331 913 3406 omnam,

199 3417 227 3478 0
242 3421 358 3496 mater,
383 3437 440 3496 qua
454 3435 513 3477 neo
526 3416 635 3478 Pontia
651 3415 798 3475 deterior.
