2460 3878
323 210 807 276 EPIGRAMMA'1¹0NLIB.X.
1025 218 1087 283 229

125 366 187 427 llio
205 383 263 444 ego
278 362 353 444 quid
367 363 500 424 faciam?
523 364 596 442 quid
610 366 718 444 nobis,
739 367 854 446 Paule,
876 369 1045 452 relinquis,

169 451 230 527 Qui
243 448 283 509 de
297 446 392 528 plebe
406 447 523 508 Numae
538 448 696 529 densaque
709 453 802 512 turba
814 456 941 515 eumue?

101 537 187 612 5Qui
202 552 251 594 me
266 533 432 614 respiciet,
455 531 609 592 dominum
624 553 792 615 regemque
807 541 945 599 vocabo?

167 620 237 678 Hoc
248 613 305 696 tu,
326 617 383 677 sed
397 622 510 695 quanto
526 615 684 678 blandius!
704 621 772 698 ipse
785 622 872 683 iacis.

123 704 282 765 Lecticam
297 699 443 762 sellamve
458 703 593 778 sequar?
610 721 669 762 neo
683 703 770 763 ferre
787 724 928 784 recures,

166 788 229 847 Per
244 784 379 847 medium
394 804 511 864 pugnae
530 785 586 847 red
598 789 686 866 prior
700 789 762 848 iere
776 787 885 850 lutum.

125 871 254 951 Suepiuo
271 888 425 947 mourgam
439 872 584 930 recitanti
600 871 757 930 earmina?
778 880 812 934 tu
825 880 888 933 ιιιι

85 967 119 1019 10
168 956 211 1016 Ει
224 955 343 1034 pariter
357 953 493 1032 geminas
509 954 613 1015 tendis
627 956 660 1013 iu
677 975 733 1014 ora
749 975 863 1017 manue.

125 1038 208 1116 Quid
223 1038 319 1098 faciet
332 1056 467 1118 pauper,
488 1040 537 1098 cui
552 1036 707 1098 nonlicet
722 1058 791 1100 esee
808 1039 940 1101 clienti?
1064 1114 1068 1122 ,

168 1123 293 1183 Dimisit
305 1130 426 1182 nontraa
441 1141 577 1202 purpura
591 1126 694 1182 vestre
707 1131 804 1203 togas.

537 1255 588 1318 XI.

122 1375 175 1437 Nil
190 1373 275 1436 aliud
288 1374 442 1456 loqueris,
465 1394 554 1453 quum
569 1376 694 1437 Thesea
706 1377 958 1460 Pirithoumque,

166 1461 277 1538 Teque
291 1466 381 1540 putas
396 1458 523 1539 Pyladi,
547 1459 741 1539 Calliclem,
763 1482 877 1542 parem.

124 1545 324 1624 Diapeream,
345 1547 372 1605 si
387 1551 422 1604 ιιι
434 1542 545 1624 Pyladi
558 1551 719 1624 praestare
734 1545 890 1607 matellam

166 1630 284 1708 Dignus
300 1646 333 1688 co
348 1634 401 1689 aut
413 1647 525 1708 porcos
539 1647 669 1708 parcere
683 1630 825 1693 Pirithoi.

101 1712 265 1790 5„l)onavi
279 1712 405 1772 tumeu“
421 1713 524 1790 inquio
539 1715 658 1790 „amico
672 1712 758 1774 milia
771 1716 908 1795 quinque

164 1798 207 1856 Et
221 1794 317 1856 lotam
332 1803 366 1857 ut
380 1793 506 1857 multum
521 1802 633 1874 terque
647 1805 819 1878 quaterque
832 1801 968 1879 togam.“

124 1879 221 1957 Quid,
244 1878 328 1958 quod
341 1880 387 1940 nil
402 1900 534 1959 uuquam
548 1878 682 1960 Pyladea
699 1880 823 1943 donavit
837 1883 985 1944 Orestae:

166 1965 226 2040 Qui
241 1962 336 2024 donat
351 1966 486 2044 quamvis
501 1963 648 2044 plurima,
669 1964 758 2046 plura
771 1975 873 2045 negat.

508 2155 509 2160 ,
527 2101 592 2160 llll.

123 2211 274 2273 Aemiliae
292 2218 401 2290 gentes
416 2218 450 2271 et
462 2208 645 2291 Apollineae
664 2210 844 2290 Vercellas,

165 2297 208 2357 Et
222 2295 432 2356 Phaethontei
446 2297 498 2373 qui
512 2296 595 2374 petis
611 2314 682 2354 arva
696 2294 789 2373 Padi,

123 2381 170 2441 Ne
184 2381 298 2458 vivam,
320 2380 447 2458 uisite,
469 2379 601 2455 Domiti,
625 2377 746 2437 dimitto
760 2381 916 2457 libenter,

166 2465 263 2526 Grata
275 2463 352 2524 lieet
369 2463 437 2522 aine
452 2469 486 2522 te
502 2465 543 2522 uit
560 2463 634 2522 mihi
648 2460 825 2531 nulladieo.

123 2547 187 2612 Sed
201 2546 391 2609 desiderium
406 2549 485 2607 tanti
499 2554 564 2624 eat,
586 2552 621 2606 ut
635 2564 737 2606 meroe
750 2547 801 2608 vel
817 2568 876 2608 uua

163 2633 291 2692 Urbano
306 2631 428 2691 releves
443 2629 523 2691 eolla
539 2635 666 2711 perusta
682 2632 763 2710 iugo.

123 2717 136 2776 l
149 2735 265 2797 precor
279 2722 312 2777 et
325 2721 409 2775 totos
425 2714 512 2775 avida
525 2722 596 2775 cute
612 2715 753 2775 combibe
768 2715 859 2776 soles.

166 2800 193 2861 0
210 2820 299 2879 quam
313 2800 483 2878 lormooua,
505 2797 577 2860 dum
592 2799 793 2878 peregrinus,
816 2800 893 2860 eris!

123 2883 165 2944 Et
179 2886 286 2945 venien
302 2882 380 2943 albia
394 2901 456 2942 nou
471 2881 684 2962 agnoscendus
699 2884 804 2943 amicis

81 2977 114 3031 10
162 2967 348 3045 Livebitque
362 2967 424 3027 tuis
438 2965 556 3047 pallida
570 2967 662 3027 turba
676 2967 779 3043 genio!

122 3052 186 3112 Sed
201 3052 250 3113 via
268 3070 359 3130 quem
375 3050 516 3128 dederit,
537 3052 640 3132 rapiet
654 3049 716 3110 cito
732 3051 829 3111 Roma
845 3050 999 3129 colorem,

163 3134 284 3196 Niliaco
301 3134 414 3197 redeas
433 3142 468 3196 tu
484 3134 562 3196 licet
580 3154 635 3197 ore
652 3133 750 3213 niger.

496 3277 504 3290 ’
522 3269 600 3330 ΧΙΠ.

119 3383 199 3444 (lum
217 3379 457 3442 cathedralicioo
474 3387 581 3461 portet
597 3383 655 3442 tibi
671 3380 749 3442 reda
766 3381 924 3443 minirtroo

164 3467 206 3526 let
224 3464 320 3546 Liby·
334 3466 367 3524 in
383 3461 478 3544 longo
493 3463 623 3545 pulvere
638 3459 729 3524 audet
747 3481 860 3542 eques,
