2460 3878
311 237 653 304 ueremmmrou
666 237 740 300 mu
756 238 808 301 ιιι.
908 193 911 198 ’
1022 241 1086 306 ιιι
1137 227 1175 314 ᾗ

126 392 217 452 Nunc
230 391 306 450 mihi
321 390 389 468 dic,
411 392 480 468 quis
493 391 572 467 erit,
594 391 643 464 eui
657 396 707 465 te,
730 388 904 471 velociore,
927 391 1057 454 deorum

171 476 232 536 Sex
246 476 338 535 iubeo
355 475 482 553 cyathos
497 472 655 534 fundere?
681 474 797 534 Gresur
811 476 882 539 erit.
1034 468 1038 478 '

106 557 241 622 bSutilis
255 566 381 638 optetur
394 557 522 616 deciens
537 576 608 616 rose
623 558 776 634 crinibus,
797 565 832 619 ut
845 559 887 618 sit

170 645 230 719 Qui
243 643 347 723 posuit
362 659 467 700 seerue
481 640 588 700 nobile
603 642 704 717 gentis
719 639 804 720 opus.

127 728 217 788 Nune
231 728 279 785 bis
295 727 385 803 quino
400 726 475 784 mihi
491 723 529 782 du
544 725 643 800 busiu,
663 725 717 783 fiat
730 732 765 783 ut
779 724 857 785 illutl

170 810 307 886 Nomen,
329 811 366 868 ab
384 808 518 886 Odrysio
535 807 616 886 quod
633 807 708 874 deur
724 810 800 868 crue
816 807 895 869 tulit.

512 941 619 1003 XCIV.

126 1056 297 1120 Surdouicu
310 1058 460 1118 medicetu
476 1057 565 1118 dedit
578 1057 653 1116 milri
666 1055 778 1135 poculo
791 1058 892 1135 virge:

169 1143 212 1203 Os
227 1143 375 1202 hominis!
398 1141 530 1201 mulsum
542 1159 591 1200 me
607 1147 696 1218 rogat
710 1141 926 1219 Hippocrates.

127 1228 205 1286 Tem
220 1225 362 1305 stupidus
379 1245 531 1304 nunquam
546 1230 670 1300 rectu,
690 1233 781 1302 puto,
802 1224 938 1304 Glauce,
959 1224 1063 1304 fuisti,

169 1308 306 1371 Clrulcee
321 1309 447 1369 douuuti
463 1309 585 1389 chrysie
600 1309 653 1386 qui
667 1307 809 1369 dederas.

102 1395 226 1457 onulce
242 1393 354 1471 uliquis
365 1411 476 1454 munus
490 1413 547 1473 pro
562 1409 690 1451 munere
704 1393 806 1471 poscit
820 1393 947 1452 umuroi

169 1478 326 1557 Accipiat,
349 1477 405 1537 sed
420 1479 446 1537 si
460 1484 548 1558 potet
562 1476 595 1534 in
610 1474 760 1535 elleboro.

516 1609 610 1672 XCV.

124 1723 261 1804 Alphius
276 1732 347 1784 ante
362 1723 437 1801 fuit,
459 1725 563 1804 eoepit
577 1741 658 1782 nuuc
672 1720 804 1802 Olphius
820 1737 905 1797 esse,

167 1808 303 1869 Uxorem
318 1816 479 1888 postquem
493 1807 581 1867 duxit
595 1808 816 1885 Atheuegorsr.
880 1815 882 1822 '

501 1942 623 2012 XCVb.

122 2055 245 2116 Nomen
259 2053 476 2132 Athenagorae
492 2055 631 2133 quaeris,
653 2050 849 2120 Gellistrote.
869 2047 998 2110 verum?

161 2138 202 2214 ‚Si
216 2137 296 2214 seio,
320 2136 510 2216 dispeream,
525 2139 593 2216 quis
608 2139 650 2196 sit
663 2138 886 2212 Athenagoras.

73 2222 171 2288 used
185 2227 259 2301 pou
273 2239 322 2280 me
337 2239 458 2298 verum,
479 2220 674 2296 callistrete,
696 2218 802 2279 dicere
817 2234 943 2276 nomeu:

167 2307 237 2367 Non
249 2323 324 2383 ego,
346 2304 402 2364 sed
418 2311 524 2364 vester
537 2309 648 2384 peccet
662 2303 884 2379 Atheuegores.

508 2453 614 2515 xcvl.

124 2533 266 2632 Clinicus
280 2569 424 2629 Herodes
438 2565 563 2628 trullum
579 2563 767 2624 subduxerat
779 2579 890 2640 ungros

166 2653 345 2732 Deprensus
361 2651 439 2712 dixit
453 2648 592 2728 ‚‚Stulte,
615 2647 690 2728 quirl
703 2665 779 2725 ergo
792 2645 872 2705 bibis
880 2643 918 2703 ‘3⁴‘

505 2783 626 2845 xcvfl.

119 2899 286 2979 Rumpitur
300 2896 414 2958 invidie
428 2898 566 2976 quidum,
589 2895 746 2955 carissime
760 2893 835 2970 Iuli,

166 2983 256 3057 Quod
270 3001 319 3042 me
334 2982 430 3041 Rome
442 2980 538 3059 legit,
558 2979 711 3060 rumpitur
724 2976 848 3040 invidie.

120 3067 287 3145 Rumpitur
301 3063 432 3141 invidie,
455 3064 537 3143 quod
552 3065 642 3124 turbu
657 3080 781 3142 semper
793 3062 826 3122 iu
841 3061 925 3121 omui

166 3150 377 3210 Monstramur
390 3148 506 3226 digito,
527 3148 680 3227 rumpitur
692 3145 817 3208 invidie

92 3234 290 3313 5Rumpitur
305 3231 435 3306 invidia,
457 3233 567 3293 tribuit
583 3231 664 3309 quod
677 3231 793 3290 Caesar
808 3237 940 3304 uterque

141 3385 146 3394 ¹
163 3317 214 3378 lus
229 3317 303 3376 milri
319 3324 476 3394 ustorum,
498 3317 651 3395 rumpitur
665 3313 786 3373 invidie.

116 3402 285 3481 Rumpitur
300 3399 432 3476 invidie,
455 3399 539 3476 quud
552 3417 606 3458 rur
618 3399 695 3457 mihi
709 3394 799 3456 dulce
814 3392 962 3454 suburbe
981 3396 1029 3451 est

162 3485 322 3564 Parvaque
337 3485 370 3543 in
385 3486 463 3544 urbe
479 3481 602 3561 (lomus,
623 3480 777 3559 rumpitur
790 3476 915 3538 invidie.
