2392 3888
147 147 207 213 170
470 147 514 207 M.
529 145 620 206 vlu.
635 145 860 205 MAR'I'IALIS

594 346 733 426 nxxxr

227 462 394 543 „Triginta
407 467 475 522 toto
490 459 569 521 mala
582 466 654 520 aunt
668 463 887 540 epigrammata
899 459 1018 522 libro.“

270 546 304 608 Si
318 545 450 607 totidem
464 547 543 605 bona
558 550 646 621 sunt,
667 544 783 622 Lause,
805 546 903 606 bonas
916 543 1001 604 liber
1015 554 1073 606 est.

589 676 737 738 LXXXII.

180 815 184 825 ¹
228 792 403 873 Menophili
418 809 531 871 penem
546 795 608 850 tam
623 789 747 868 grandta
761 789 858 850 fibula
871 790 978 864 vestit,

270 877 314 937 Ut
328 877 370 937 sit
385 872 540 936 comoedis
556 875 696 936 omnibus
712 892 772 934 una
786 874 870 933 satia.

228 960 318 1019 IIunc
334 978 391 1038 ego
404 957 599 1018 credideram
611 993 653 1002 -
663 977 733 1017 nam
745 976 839 1037 saepe
848 955 985 1016 lavamur
996 955 1026 1014 in
1039 973 1121 1016 unum
1130 986 1158 996 κ

270 1041 447 1103 Sollicitum
460 1043 528 1102 voci
540 1060 690 1121 parcere,
711 1041 841 1120 Flacce,
863 1058 948 1100 suae:
1181 1049 1182 1144 q

207 1127 308 1189 silum
321 1125 403 1187 ludit
416 1125 518 1187 media
530 1124 645 1205 populo
659 1132 821 1203 spectante
837 1121 1006 1205 palaestra,

270 1207 404 1289 Delapsa
418 1215 467 1270 est
480 1209 595 1270 misero
609 1207 721 1268 fibula:
742 1227 855 1290 verpus
871 1213 945 1269 erat.

581 1343 744 1406 LXXXIII.
800 1361 805 1370 ·

226 1453 413 1535 Eutrapelus
427 1461 536 1515 tonsor
551 1453 623 1515 dum
638 1453 750 1515 circuit
765 1475 820 1514 ora
833 1455 965 1535 Luperci

268 1540 477 1620 Expingitque
493 1556 602 1618 genas,
625 1537 725 1599 altera
738 1540 835 1600 barba
850 1541 941 1602 subit.

582 1673 747 1736 LXXXIV.

226 1785 305 1845 llum
319 1804 387 1846 mea
402 1787 538 1848 caecilio
554 1789 705 1848 formatur
718 1788 818 1866 imago
835 1785 974 1846 Secundo

238 1871 241 1878 ’
269 1870 374 1949 Spirat
387 1878 421 1931 et
435 1878 540 1950 arguta
555 1873 638 1952 picta
651 1869 765 1933 tabella
778 1890 885 1950 manu,

226 1952 255 2030 I,
276 1952 374 2031 liber,
397 1955 435 2015 ad
450 1956 591 2017 Geticam
605 1955 729 2014 Peucen
743 1953 945 2033 Histrumque
959 1954 1124 2016 iacentem:

268 2037 354 2098 Haec
368 2037 438 2099 loca
451 2039 634 2120 pcrdomltis
650 2039 792 2117 gentibus
806 2036 863 2097 ille
878 2043 973 2098 tenet.

205 2121 326 2182 5Parva
342 2119 428 2182 dabis
444 2143 531 2200 caro,
554 2122 610 2182 sed
625 2120 727 2182 dulcia
741 2121 837 2200 dona,
857 2119 968 2182 sodali:

270 2203 395 2266 Certior
409 2208 441 2266 in
457 2213 564 2266 nostro
580 2208 715 2266 carmide
730 2205 831 2265 voltus
846 2207 915 2265 erit.

228 2289 357 2349 Casibus
371 2290 423 2349 hic
438 2289 549 2368 nullis,
570 2289 663 2350 nullia
679 2288 823 2349 delebilis
839 2289 933 2349 annis'

271 2374 379 2452 Vive't,
400 2373 563 2453 Apelleum
580 2393 647 2435 cum
662 2375 812 2433 morietur
828 2391 912 2454 opus.
980 2421 984 2428 .

591 2500 743 2585 nxxuuq

170 2689 178 2702 ,
228 2631 317 2709 Quod
332 2649 394 2690 non
409 2630 526 2692 insulse
541 2635 651 2693 scribi·
666 2634 849 2694 tetrasticha
866 2630 1032 2713 quaedam,

270 2715 410 2776 Disticha
426 2715 509 2794 quod
521 2715 604 2778 belle
620 2736 731 2796 pauca,
754 2715 897 2796 Sabelle,
917 2715 1012 2794 iacis,

227 2799 350 2878 Laudo,
369 2817 427 2859 nec
443 2799 588 2864 admiror,
617 2800 725 2867 Facile
744 2806 793 2862 est
808 2802 1028 2880 epigrammata
1042 2798 1124 2861 belle

268 2883 430 2962 Scribere,
453 2883 509 2944 aed
522 2881 635 2944 librum
651 2886 790 2946 scribere
806 2883 937 2945 dliflcile
952 2888 1010 2945 est.

579 3018 744 3082 LXXXVI.

219 3127 276 3187 nd
290 3123 451 3187 natalicias
466 3127 561 3208 dapes
575 3131 720 3208 vocabar,

188 3275 192 3278 ,
225 3210 335 3272 Essem
350 3230 417 3271 eum
432 3211 507 3290 tibi,
529 3211 639 3292 Sexte,
660 3232 724 3273 non
738 3213 859 3273 amicus.

228 3294 310 3368 Quid
322 3295 436 3354 lactum
451 3301 515 3372 eat,
536 3297 629 3375 rog'o,
651 3296 725 3376 quid
739 3303 871 3376 repente
884 3297 1001 3358 iactum
1015 3301 1082 3372 eat,

227 3375 303 3436 Post
321 3381 368 3436 tot
379 3378 508 3455 pIgnora
522 3385 645 3457 nostra,
665 3386 737 3460 port
749 3386 798 3441 tot
812 3398 907 3440 annos
