2430 3894
110 149 154 214 94
430 151 475 212 Μ.
490 151 582 214 VAL.
600 152 826 216 MARTIALIS

194 307 281 367 Haec
295 306 380 384 iuga,
403 324 492 383 quam
506 303 607 384 Nysae
621 302 719 365 colles
733 303 802 385 plus
817 307 954 367 Brocchus
969 313 1104 391 amavit,

236 389 305 449 Hoc
319 407 420 468 nuper
437 388 542 466 Satyri
555 394 660 448 moute
675 386 792 448 dedere
810 391 930 454 choros.

172 473 282 535 bllaec
296 472 431 535 Veneris
445 470 553 550 sedes,
564 470 807 534 ,Lacedaemone
816 475 939 555 'gratior
952 472 1018 554 illi,

235 557 296 617 Hic
309 555 397 617 locus
411 554 568 615 Herculeo
583 557 707 615 numine
720 553 822 617 clarus
836 563 913 618 erat.

194 640 312 700 Cuncta
325 641 428 700 iacent
442 639 571 699 fiammis
586 645 619 698 et
635 641 718 700 tristi
732 658 834 700 mersa
847 637 964 701 favilla:

235 723 300 783 Nec
314 723 420 804 superi
436 720 555 782 vellent
569 723 628 804 hoc
641 720 768 783 licuisse
783 725 851 785 sibi.

585 855 679 918 XLV.

193 967 280 1028 Haec
296 969 355 1030 tibi
368 989 425 1050 pro
440 975 512 1029 uato
530 967 622 1049 plena
637 967 690 1030 dat
703 968 803 1030 laetus
819 989 940 1050 acerra,

236 1051 378 1131 Phoebe,
399 1051 557 1114 Palatinus
574 1071 702 1113 munera
714 1055 916 1133 Parthenius,

194 1135 237 1196 ut
251 1137 303 1215 qui
318 1138 417 1217 prima
429 1157 508 1197 novo
520 1138 622 1215 signat
639 1139 846 1215 quinquennia
860 1136 978 1217 lustro,

234 1217 365 1300 Impleat
377 1222 553 1281 innumeras
568 1221 684 1280 burrus
700 1220 904 1302 Olympiadas.

171 1302 258 1364 5Fac
273 1310 340 1364 rata
354 1312 424 1364 vota
437 1304 551 1384 patris:
573 1305 617 1362 sie
632 1310 664 1364 te
682 1309 735 1364 tua
749 1304 857 1384 diligat
872 1306 963 1365 arbor

235 1385 375 1448 Gaudeat
390 1394 423 1447 et
438 1393 523 1446 certa
536 1387 712 1466 virginitate
727 1408 831 1449 soror:

193 1470 349 1550 Perpetuo
364 1471 409 1532 sic
422 1471 500 1530 flore
516 1471 626 1550 mices,
646 1473 690 1532 sie
707 1470 842 1552 denique
856 1491 916 1532 uon
933 1473 996 1533 siut

236 1554 314 1614 Tam
327 1553 438 1633 longae
452 1554 593 1632 Bromio,
618 1574 707 1634 quam
721 1557 795 1635 tibi,
817 1557 959 1634 Phoebe,
984 1575 1103 1618 comae.

574 1701 680 1765 XLVI.

194 1810 367 1872 Saturnalia
382 1812 508 1874 divitem
522 1811 678 1873 Sabellum
803 1855 806 1859 -
919 1847 921 1850 ·

191 1894 363 1957 Fecerunt:
383 1898 494 1957 merito
512 1903 610 1957 tumet
624 1896 780 1975 Sabellus,

191 1977 257 2039 Nec
272 1998 444 2059 quenquam
462 1987 550 2062 putat
569 1999 638 2042 esse
652 1980 871 2061 praedicatque

190 2062 277 2122 luter
292 2063 461 2123 causidicos
474 2065 653 2124 beatiorem.

170 2146 260 2209 5Hos
274 2144 372 2207 fastus
385 2149 563 2226 animusque
579 2147 632 2206 dat
649 2147 773 2209 Sabello

192 2229 300 2291 Farris
315 2229 469 2291 semodius
484 2231 636 2311 fabaeque
649 2232 769 2310 fresae,

105 2335 107 2342 ·
193 2314 236 2376 Et
249 2316 328 2376 turis
343 2317 524 2396 piperisque
539 2323 606 2377 tres
623 2315 775 2394 selibrae,

191 2399 233 2460 Et
248 2398 398 2459 Lucanica
412 2405 521 2459 ventre
537 2420 604 2460 cum
617 2397 757 2479 Falisco,

190 2482 233 2542 Et
247 2483 329 2560 nigri
345 2482 422 2560 Syra
437 2481 553 2542 defruti
568 2482 696 2563 lagona,

149 2565 231 2628 solet
246 2565 323 2624 fleus
337 2565 454 2644 Libyca
469 2563 571 2643 gelata
585 2573 667 2626 testa

191 2649 269 2709 Cum
281 2645 384 2708 bulbis
399 2647 598 2729 cochleisque
613 2669 773 2730 caseoque.

189 2732 305 2793 Piceno
324 2750 446 2813 quoque
462 2734 547 2794 venit
562 2755 578 2793 a
593 2733 708 2796 cliente

189 2815 306 2877 Parcae
320 2814 431 2877 cistula
445 2836 507 2877 uon
522 2838 615 2898 capqx
629 2817 745 2897 olivae,

189 2900 231 2961 Et
246 2919 348 2960 crasso
361 2898 450 2980 figuli
463 2900 561 2980 polita
577 2901 663 2963 eaelo

148 2992 181 3046 15
188 2983 371 3066 Septenaria
385 2986 541 3064 synthesis
557 2985 701 3066 Sagunti,

188 3068 345 3148 Hispanae
359 3067 477 3128 luteum
491 3076 579 3130 rotae
593 3076 733 3130 toreuma

187 3152 229 3215 Et
241 3151 305 3212 lato
319 3153 434 3216 variata
448 3170 556 3233 mappa
570 3152 664 3220 clavo.

189 3234 362 3296 Saturnalia
375 3237 582 3296 fructuosiora

188 3319 287 3379 Annis
300 3337 365 3386 uon,
377 3319 485 3380 habuit
500 3319 607 3380 decem
621 3317 773 3381 Sabellus.
