2392 3888
285 226 626 288 EPIGRAMMATON
639 227 713 289 LlB.
729 228 793 290 Vll.
1003 225 1062 290 163

510 429 572 493 Lll.

104 542 235 601 Gratum
248 547 312 619 eat,
327 539 411 621 quod
425 539 533 602 celeri
545 548 670 602 nostros
684 541 780 620 legis,
793 543 912 621 Aucte,
927 539 1063 622 libellos,

147 625 182 684 Si
195 633 297 684 tamen
313 632 346 684 et
361 623 505 686 celerem
524 625 605 704 quod
621 624 718 703 logis,
738 627 856 703 Aucte,
878 629 971 691 iuvat.

103 708 161 770 llle
178 726 261 767 meas
276 715 387 786 gentes
401 714 434 768 et
449 707 555 769 Celtas
570 711 652 768 rexit
665 709 819 786 Hibe-ros,

146 792 212 852 Nec
224 792 286 851 fuit
299 793 332 850 in
346 799 453 852 nostro
468 794 585 852 certior
601 793 678 852 orbe
691 792 780 853 fides.

81 876 212 936 illicior
224 893 274 935 me
289 881 375 935 tanto
391 878 569 936 reverentia
582 877 702 952 turbat,
725 883 758 936 et
772 893 862 936 aures

145 958 214 1018 Nou
229 957 394 1035 auditoris,
415 957 526 1019 iudicis
539 976 608 1019 esse
622 965 706 1038 puto.

505 1091 580 1152 Llll.

103 1205 213 1266 Omnia
227 1206 337 1265 misisti
355 1206 430 1265 mihi
445 1204 674 1282 Saturnalibus,
690 1206 825 1282 Umber,

145 1289 293 1366 Munera,
316 1287 512 1350 contuleruut
526 1307 604 1367 quae
618 1291 676 1349 tibi
691 1290 826 1367 quinque
842 1286 925 1366 dies,

101 1373 155 1433 Bis
170 1390 261 1433 aenos
275 1370 416 1452 triplices
431 1377 464 1432 et
479 1371 681 1452 dentiscalpia
695 1378 831 1453 septem:

143 1457 201 1515 llis
216 1474 319 1516 comes
334 1456 466 1515 accessit
479 1457 622 1536 spongia,
644 1476 770 1536 mappa,
792 1454 887 1532 calix,

80 1537 328 1618 5Semodiusque
342 1539 432 1598 fabae
448 1558 516 1598 cum
528 1540 640 1598 vimine
655 1540 855 1616 Picenarum,

145 1625 187 1683 iit
200 1622 367 1682 Laletanae
385 1624 473 1700 nigra
486 1621 595 1700 lagona
610 1640 719 1702 sapae3

100 1708 261 1785 Parvaque
275 1725 343 1765 cum
358 1707 441 1765 canis
455 1712 609 1766 venerunt
623 1712 745 1766 cottana
757 1706 866 1787 prunis
937 1713 939 1717 “

144 1791 186 1848 Et
200 1789 335 1869 Libycae
349 1790 400 1849 lici
415 1786 556 1868 pondere
571 1795 652 1848 testa
666 1790 776 1867 gravis.

101 1875 162 1937 vix
177 1880 251 1952 puto
266 1875 393 1952 triginta
407 1891 598 1937 nummorum
614 1879 678 1932 tota
693 1873 789 1932 luisse

57 1969 94 2020 10
108 1998 112 2004 ·
143 1957 290 2035 Munera,
314 1975 391 2034 quae
405 1954 538 2035 grandes
553 1961 622 2015 octo
638 1955 739 2016 tulere
753 1957 833 2034 Syri.
891 1999 892 2004 η

103 2043 225 2118 Quanto
242 2039 429 2100 commodius
445 2037 533 2099 nullo
546 2040 621 2099 mihi
636 2039 722 2101 ferre
736 2038 843 2099 labore

145 2124 276 2202 Argenti
290 2125 392 2203 potuit
404 2121 545 2203 pondera
560 2124 694 2202 quinque
711 2123 804 2202 puer!

502 2270 580 2332 LIV.

103 2381 235 2460 Semper
248 2400 337 2442 mane
352 2382 427 2442 mihi
442 2381 482 2442 de
497 2401 545 2442 me
564 2390 616 2441 tua
631 2382 748 2442 somnia
762 2399 886 2458 narras,

146 2465 231 2540 Quae
245 2472 387 2525 moveant
400 2466 532 2525 animum
547 2463 777 2544 sollicitentque
792 2481 901 2524 meum.

99 2549 163 2608 lam
177 2550 264 2627 prior
279 2547 318 2608 ad
331 2550 467 2627 faecem,
489 2548 545 2610 sed
560 2549 683 2608 ethaeo
698 2547 852 2608 vindemia
863 2546 965 2622 venit,

143 2633 260 2691 Exorat
272 2639 381 2692 noctes
396 2629 467 2692 dum
482 2633 558 2692 mihi
572 2651 644 2711 saga
658 2639 734 2695 tuas.

77 2717 287 2796 econaumpsi
302 2715 458 2794 salsasque
472 2714 568 2776 molas
583 2724 616 2775 et
629 2717 708 2776 turis
723 2732 866 2790 acervos,

145 2799 322 2859 Decrevere
337 2817 464 2878 greges,
487 2798 558 2860 dum
574 2799 657 2859 cadit
670 2817 746 2878 agna
760 2798 927 2874 frequens,

100 2882 171 2942 Nou
185 2901 315 2962 porcus,
337 2902 400 2942 nou
418 2884 536 2944 chortis
551 2901 638 2960 aves,
659 2901 722 2942 uon
736 2901 791 2942 ova
806 2883 981 2960 supersunt.

143 2965 206 3025 Aut
221 2965 315 3045 vigila
329 2972 381 3027 aut
397 2966 513 3046 dormi,
535 2965 720 3045 Nasidicne,
741 2966 808 3026 tibi.

505 3100 572 3163 Lv.

98 3207 188 3272 Nulli
202 3229 345 3289 munera,
367 3209 518 3290 chresto,
540 3212 567 3271 si
580 3212 731 3292 remittis,

98 3295 167 3356 Nec
180 3295 271 3354 nobis
286 3293 411 3355 dederis
424 3297 662 3373 remiserisque:

98 3378 235 3440 Credam
249 3385 283 3439 te
297 3380 371 3440 satia
386 3397 456 3439 esse
469 3376 642 3440 liberalem.

13 3513 18 3522 ,
98 3461 164 3524 Sed
179 3463 206 3523 si
221 3461 328 3524 reddis
343 3463 456 3546 Apicio,
466 3462 617 3546 Lupoque
786 3540 825 3603 ss
835 3541 850 3574 *
