<?xml version="1.0" encoding="UTF-8"?>
<!DOCTYPE html PUBLIC "-//W3C//DTD XHTML 1.0 Transitional//EN"
    "http://www.w3.org/TR/xhtml1/DTD/xhtml1-transitional.dtd">
<html xmlns="http://www.w3.org/1999/xhtml" xml:lang="en" lang="en">
 <head>
  <title>
</title>
<meta http-equiv="Content-Type" content="text/html;charset=utf-8" />
  <meta name='ocr-system' content='tesseract 3.04.00' />
  <meta name='ocr-capabilities' content='ocr_page ocr_carea ocr_par ocr_line ocrx_word'/>
</head>
<body>
  <div class='ocr_page' id='page_1' title='image "./diuniiiuvenalis02juvegoog_0194.png"; bbox 0 0 2426 3900; ppageno 0'>
   <div class='ocr_carea' id='block_1_1' title="bbox 383 220 1133 284">
    <p class='ocr_par' dir='ltr' id='par_1_1' title="bbox 383 220 1133 284">
     <span class='ocr_line' id='line_1_1' title="bbox 383 220 1133 284; baseline 0.003 -2"><span class='ocrx_word' id='word_1_1' title='bbox 383 221 721 282; x_wconf 75' lang='lat' dir='ltr'>EPIGRAMMA&#39;PON</span> <span class='ocrx_word' id='word_1_2' title='bbox 735 223 808 282; x_wconf 91' lang='lat' dir='ltr'><strong>LlB.</strong></span> <span class='ocrx_word' id='word_1_3' title='bbox 825 223 845 280; x_wconf 93' lang='lat' dir='ltr'><strong>l.</strong></span> <span class='ocrx_word' id='word_1_4' title='bbox 1092 220 1133 284; x_wconf 79' lang='lat'><strong>21</strong></span> 
     </span>
    </p>
   </div>
   <div class='ocr_carea' id='block_1_2' title="bbox 134 371 1078 1373">
    <p class='ocr_par' dir='ltr' id='par_1_2' title="bbox 134 371 1078 1373">
     <span class='ocr_line' id='line_1_2' title="bbox 176 371 897 452; baseline -0.001 -19"><span class='ocrx_word' id='word_1_5' title='bbox 176 374 246 434; x_wconf 91' lang='lat' dir='ltr'><strong>Non</strong></span> <span class='ocrx_word' id='word_1_6' title='bbox 262 390 339 452; x_wconf 88' lang='lat' dir='ltr'><strong>quae</strong></span> <span class='ocrx_word' id='word_1_7' title='bbox 354 372 394 432; x_wconf 89' lang='lat' dir='ltr'><strong>de</strong></span> <span class='ocrx_word' id='word_1_8' title='bbox 408 371 505 432; x_wconf 89' lang='lat' dir='ltr'><strong>tardis</strong></span> <span class='ocrx_word' id='word_1_9' title='bbox 519 379 681 432; x_wconf 88' lang='lat' dir='ltr'><strong>servantur</strong></span> <span class='ocrx_word' id='word_1_10' title='bbox 694 373 807 432; x_wconf 84' lang='lat' dir='ltr'><strong>vitibus</strong></span> <span class='ocrx_word' id='word_1_11' title='bbox 823 391 897 432; x_wconf 83' lang='lat' dir='ltr'><strong>uvae</strong></span> 
     </span>
     <span class='ocr_line' id='line_1_3' title="bbox 218 451 1039 536; baseline -0.002 -20"><span class='ocrx_word' id='word_1_12' title='bbox 218 457 367 517; x_wconf 78' lang='lat' dir='ltr'><strong>Dulcibus</strong></span> <span class='ocrx_word' id='word_1_13' title='bbox 382 463 434 516; x_wconf 90' lang='lat' dir='ltr'><strong>aut</strong></span> <span class='ocrx_word' id='word_1_14' title='bbox 449 461 570 516; x_wconf 86' lang='lat' dir='ltr'><strong>certant</strong></span> <span class='ocrx_word' id='word_1_15' title='bbox 585 475 662 536; x_wconf 89' lang='lat' dir='ltr'><strong>quae</strong></span> <span class='ocrx_word' id='word_1_16' title='bbox 676 455 834 516; x_wconf 80' lang='lat' dir='ltr'><strong>melimela</strong></span> <span class='ocrx_word' id='word_1_17' title='bbox 847 457 940 533; x_wconf 83' lang='lat' dir='ltr'><strong>favis,</strong></span> <span class='ocrx_word' id='word_1_18' title='bbox 1036 451 1039 456; x_wconf 70' lang='grc'>’</span> 
     </span>
     <span class='ocr_line' id='line_1_4' title="bbox 154 538 968 619; baseline -0.005 -17"><span class='ocrx_word' id='word_1_19' title='bbox 154 538 245 602; x_wconf 85' lang='lat' dir='ltr'><strong>5Non</strong></span> <span class='ocrx_word' id='word_1_20' title='bbox 259 541 328 619; x_wconf 89' lang='lat' dir='ltr'><strong>pira</strong></span> <span class='ocrx_word' id='word_1_21' title='bbox 344 559 422 618; x_wconf 89' lang='lat' dir='ltr'><strong>quae</strong></span> <span class='ocrx_word' id='word_1_22' title='bbox 437 539 528 617; x_wconf 85' lang='lat' dir='ltr'><strong>longa</strong></span> <span class='ocrx_word' id='word_1_23' title='bbox 542 539 681 619; x_wconf 87' lang='lat' dir='ltr'><strong>pendent</strong></span> <span class='ocrx_word' id='word_1_24' title='bbox 694 538 826 618; x_wconf 86' lang='lat' dir='ltr'><strong>religata</strong></span> <span class='ocrx_word' id='word_1_25' title='bbox 840 545 968 618; x_wconf 84' lang='lat' dir='ltr'><strong>genesta</strong></span> 
     </span>
     <span class='ocr_line' id='line_1_5' title="bbox 220 624 896 702; baseline 0 -20"><span class='ocrx_word' id='word_1_26' title='bbox 220 624 282 682; x_wconf 93' lang='lat' dir='ltr'><strong>Aut</strong></span> <span class='ocrx_word' id='word_1_27' title='bbox 296 624 413 683; x_wconf 84' lang='lat' dir='ltr'><strong>imitata</strong></span> <span class='ocrx_word' id='word_1_28' title='bbox 428 624 538 682; x_wconf 85' lang='lat' dir='ltr'><strong>breves</strong></span> <span class='ocrx_word' id='word_1_29' title='bbox 554 624 669 683; x_wconf 88' lang='lat' dir='ltr'><strong>Punica</strong></span> <span class='ocrx_word' id='word_1_30' title='bbox 684 643 778 702; x_wconf 83' lang='lat' dir='ltr'><strong>grana</strong></span> <span class='ocrx_word' id='word_1_31' title='bbox 792 642 896 700; x_wconf 87' lang='lat' dir='ltr'><strong>rosas,</strong></span> 
     </span>
     <span class='ocr_line' id='line_1_6' title="bbox 176 698 888 767; baseline -0.001 0"><span class='ocrx_word' id='word_1_32' title='bbox 176 698 301 767; x_wconf 84' lang='lat' dir='ltr'><strong>Rustica</strong></span> <span class='ocrx_word' id='word_1_33' title='bbox 317 705 468 766; x_wconf 83' lang='lat' dir='ltr'><strong>lactantes</strong></span> <span class='ocrx_word' id='word_1_34' title='bbox 482 725 541 766; x_wconf 86' lang='lat' dir='ltr'><strong>neo</strong></span> <span class='ocrx_word' id='word_1_35' title='bbox 555 708 639 766; x_wconf 87' lang='lat' dir='ltr'><strong>misit</strong></span> <span class='ocrx_word' id='word_1_36' title='bbox 654 707 777 766; x_wconf 79' lang='lat' dir='ltr'>Sassina</span> <span class='ocrx_word' id='word_1_37' title='bbox 791 713 888 766; x_wconf 87' lang='lat' dir='ltr'><strong>metas</strong></span> 
     </span>
     <span class='ocr_line' id='line_1_7' title="bbox 177 789 788 859; baseline 0 -11"><span class='ocrx_word' id='word_1_38' title='bbox 177 847 184 859; x_wconf 85' lang='grc'><em>,</em></span> <span class='ocrx_word' id='word_1_39' title='bbox 219 790 284 848; x_wconf 88' lang='lat' dir='ltr'><strong>Neo</strong></span> <span class='ocrx_word' id='word_1_40' title='bbox 302 789 340 849; x_wconf 87' lang='lat' dir='ltr'><strong>de</strong></span> <span class='ocrx_word' id='word_1_41' title='bbox 356 791 480 849; x_wconf 81' lang='lat' dir='ltr'>Picenis</span> <span class='ocrx_word' id='word_1_42' title='bbox 492 791 578 849; x_wconf 81' lang='lat' dir='ltr'><strong>venit</strong></span> <span class='ocrx_word' id='word_1_43' title='bbox 592 791 671 850; x_wconf 87' lang='lat' dir='ltr'><strong>oliva</strong></span> <span class='ocrx_word' id='word_1_44' title='bbox 687 789 788 850; x_wconf 84' lang='lat' dir='ltr'><strong>cadis:</strong></span> 
     </span>
     <span class='ocr_line' id='line_1_8' title="bbox 176 870 1029 953; baseline 0 -21"><span class='ocrx_word' id='word_1_45' title='bbox 176 870 282 932; x_wconf 82' lang='lat' dir='ltr'><strong>Nudus</strong></span> <span class='ocrx_word' id='word_1_46' title='bbox 297 892 388 953; x_wconf 87' lang='lat' dir='ltr'><strong>aper,</strong></span> <span class='ocrx_word' id='word_1_47' title='bbox 408 871 464 932; x_wconf 82' lang='lat' dir='ltr'><strong>sed</strong></span> <span class='ocrx_word' id='word_1_48' title='bbox 478 879 511 932; x_wconf 90' lang='lat' dir='ltr'><strong>et</strong></span> <span class='ocrx_word' id='word_1_49' title='bbox 524 874 575 932; x_wconf 90' lang='lat' dir='ltr'><strong>hic</strong></span> <span class='ocrx_word' id='word_1_50' title='bbox 591 875 732 934; x_wconf 84' lang='lat' dir='ltr'><strong>minimus</strong></span> <span class='ocrx_word' id='word_1_51' title='bbox 749 872 908 953; x_wconf 82' lang='lat' dir='ltr'><strong>qualisque</strong></span> <span class='ocrx_word' id='word_1_52' title='bbox 923 873 1029 932; x_wconf 86' lang='lat' dir='ltr'><strong>necari</strong></span> 
     </span>
     <span class='ocr_line' id='line_1_9' title="bbox 134 954 777 1037; baseline -0.006 -17"><span class='ocrx_word' id='word_1_53' title='bbox 134 967 170 1020; x_wconf 90' lang='lat'><strong>10</strong></span> <span class='ocrx_word' id='word_1_54' title='bbox 218 958 246 1016; x_wconf 82' lang='lat' dir='ltr'><strong>A</strong></span> <span class='ocrx_word' id='word_1_55' title='bbox 264 975 326 1016; x_wconf 94' lang='lat' dir='ltr'><strong>non</strong></span> <span class='ocrx_word' id='word_1_56' title='bbox 341 962 456 1016; x_wconf 88' lang='lat' dir='ltr'><strong>armato</strong></span> <span class='ocrx_word' id='word_1_57' title='bbox 471 954 641 1036; x_wconf 76' lang='lat' dir='ltr'><strong>pumilione</strong></span> <span class='ocrx_word' id='word_1_58' title='bbox 655 964 777 1037; x_wconf 85' lang='lat' dir='ltr'><strong>potest,</strong></span> 
     </span>
     <span class='ocr_line' id='line_1_10' title="bbox 175 1038 1078 1119; baseline 0 -17"><span class='ocrx_word' id='word_1_59' title='bbox 175 1041 218 1102; x_wconf 80' lang='lat' dir='ltr'><strong>Et</strong></span> <span class='ocrx_word' id='word_1_60' title='bbox 231 1038 309 1099; x_wconf 89' lang='lat' dir='ltr'><strong>nihil</strong></span> <span class='ocrx_word' id='word_1_61' title='bbox 322 1038 396 1100; x_wconf 91' lang='lat' dir='ltr'><strong>inde</strong></span> <span class='ocrx_word' id='word_1_62' title='bbox 412 1039 515 1099; x_wconf 87' lang='lat' dir='ltr'><strong>datum</strong></span> <span class='ocrx_word' id='word_1_63' title='bbox 531 1046 597 1114; x_wconf 82' lang='lat' dir='ltr'><strong>est3</strong></span> <span class='ocrx_word' id='word_1_64' title='bbox 610 1046 730 1100; x_wconf 88' lang='lat' dir='ltr'><strong>tantum</strong></span> <span class='ocrx_word' id='word_1_65' title='bbox 744 1042 947 1119; x_wconf 82' lang='lat' dir='ltr'><strong>spectavimus</strong></span> <span class='ocrx_word' id='word_1_66' title='bbox 962 1058 1078 1102; x_wconf 88' lang='lat' dir='ltr'><strong>omnes.</strong></span> 
     </span>
     <span class='ocr_line' id='line_1_11' title="bbox 219 1122 910 1204; baseline 0.003 -21"><span class='ocrx_word' id='word_1_67' title='bbox 219 1125 341 1184; x_wconf 88' lang='lat' dir='ltr'><strong>Ponere</strong></span> <span class='ocrx_word' id='word_1_68' title='bbox 356 1143 462 1204; x_wconf 86' lang='lat' dir='ltr'><strong>aprum</strong></span> <span class='ocrx_word' id='word_1_69' title='bbox 477 1125 566 1183; x_wconf 91' lang='lat' dir='ltr'><strong>nobis</strong></span> <span class='ocrx_word' id='word_1_70' title='bbox 582 1125 626 1183; x_wconf 86' lang='lat' dir='ltr'><strong>sio</strong></span> <span class='ocrx_word' id='word_1_71' title='bbox 642 1131 675 1182; x_wconf 87' lang='lat' dir='ltr'><strong>et</strong></span> <span class='ocrx_word' id='word_1_72' title='bbox 689 1125 805 1183; x_wconf 87' lang='lat' dir='ltr'><strong>harena</strong></span> <span class='ocrx_word' id='word_1_73' title='bbox 820 1122 910 1186; x_wconf 86' lang='lat' dir='ltr'><strong>solet.</strong></span> 
     </span>
     <span class='ocr_line' id='line_1_12' title="bbox 177 1205 880 1287; baseline 0.001 -20"><span class='ocrx_word' id='word_1_74' title='bbox 177 1208 314 1267; x_wconf 86' lang='lat' dir='ltr'><strong>Ponatur</strong></span> <span class='ocrx_word' id='word_1_75' title='bbox 329 1209 386 1268; x_wconf 91' lang='lat' dir='ltr'><strong>tihi</strong></span> <span class='ocrx_word' id='word_1_76' title='bbox 401 1205 502 1267; x_wconf 82' lang='lat' dir='ltr'><strong>nullus</strong></span> <span class='ocrx_word' id='word_1_77' title='bbox 517 1225 592 1286; x_wconf 87' lang='lat' dir='ltr'><strong>aper</strong></span> <span class='ocrx_word' id='word_1_78' title='bbox 605 1214 677 1287; x_wconf 86' lang='lat' dir='ltr'><strong>post</strong></span> <span class='ocrx_word' id='word_1_79' title='bbox 692 1207 765 1268; x_wconf 86' lang='lat' dir='ltr'><strong>talia</strong></span> <span class='ocrx_word' id='word_1_80' title='bbox 783 1207 880 1286; x_wconf 85' lang='lat' dir='ltr'><strong>faeta,</strong></span> 
     </span>
     <span class='ocr_line' id='line_1_13' title="bbox 219 1289 853 1373; baseline 0.003 -23"><span class='ocrx_word' id='word_1_81' title='bbox 219 1289 283 1350; x_wconf 88' lang='lat' dir='ltr'><strong>Sed</strong></span> <span class='ocrx_word' id='word_1_82' title='bbox 297 1297 330 1351; x_wconf 91' lang='lat' dir='ltr'><strong>tu</strong></span> <span class='ocrx_word' id='word_1_83' title='bbox 344 1293 470 1371; x_wconf 82' lang='lat' dir='ltr'><strong>poneris</strong></span> <span class='ocrx_word' id='word_1_84' title='bbox 485 1293 534 1350; x_wconf 87' lang='lat' dir='ltr'><strong>eui</strong></span> <span class='ocrx_word' id='word_1_85' title='bbox 550 1289 752 1351; x_wconf 79' lang='lat' dir='ltr'><strong>Charidemus</strong></span> <span class='ocrx_word' id='word_1_86' title='bbox 768 1311 853 1373; x_wconf 85' lang='lat' dir='ltr'><strong>apro.</strong></span> 
     </span>
    </p>
   </div>
   <div class='ocr_carea' id='block_1_3' title="bbox 557 1424 662 1487">
    <p class='ocr_par' dir='ltr' id='par_1_3' title="bbox 557 1424 662 1487">
     <span class='ocr_line' id='line_1_14' title="bbox 557 1424 662 1487; baseline 0 -3"><span class='ocrx_word' id='word_1_87' title='bbox 557 1424 662 1487; x_wconf 75' lang='lat' dir='ltr'><strong>univ.</strong></span> 
     </span>
    </p>
   </div>
   <div class='ocr_carea' id='block_1_4' title="bbox 176 1534 1022 1868">
    <p class='ocr_par' dir='ltr' id='par_1_4' title="bbox 179 1534 922 1699">
     <span class='ocr_line' id='line_1_15' title="bbox 179 1534 902 1617; baseline 0.003 -23"><span class='ocrx_word' id='word_1_88' title='bbox 179 1534 325 1595; x_wconf 84' lang='lat' dir='ltr'><strong>Lascivos</strong></span> <span class='ocrx_word' id='word_1_89' title='bbox 339 1535 482 1617; x_wconf 86' lang='lat' dir='ltr'><strong>leporum</strong></span> <span class='ocrx_word' id='word_1_90' title='bbox 497 1556 603 1596; x_wconf 89' lang='lat' dir='ltr'><strong>cursus</strong></span> <span class='ocrx_word' id='word_1_91' title='bbox 614 1535 763 1615; x_wconf 88' lang='lat' dir='ltr'><strong>lususque</strong></span> <span class='ocrx_word' id='word_1_92' title='bbox 777 1535 902 1596; x_wconf 91' lang='lat' dir='ltr'><strong>leonum</strong></span> 
     </span>
     <span class='ocr_line' id='line_1_16' title="bbox 220 1617 922 1699; baseline 0.001 -21"><span class='ocrx_word' id='word_1_93' title='bbox 220 1617 311 1693; x_wconf 78' lang='lat' dir='ltr'><strong>Quod</strong></span> <span class='ocrx_word' id='word_1_94' title='bbox 327 1620 424 1680; x_wconf 86' lang='lat' dir='ltr'><strong>maior</strong></span> <span class='ocrx_word' id='word_1_95' title='bbox 437 1621 526 1678; x_wconf 91' lang='lat' dir='ltr'><strong>nohis</strong></span> <span class='ocrx_word' id='word_1_96' title='bbox 542 1621 649 1680; x_wconf 87' lang='lat' dir='ltr'><strong>charta</strong></span> <span class='ocrx_word' id='word_1_97' title='bbox 662 1621 824 1698; x_wconf 88' lang='lat' dir='ltr'><strong>minorque</strong></span> <span class='ocrx_word' id='word_1_98' title='bbox 839 1621 922 1699; x_wconf 82' lang='lat' dir='ltr'><strong>gerit</strong></span> 
     </span>
    </p>

    <p class='ocr_par' dir='ltr' id='par_1_5' title="bbox 176 1701 1022 1868">
     <span class='ocr_line' id='line_1_17' title="bbox 176 1701 1022 1783; baseline -0.001 -21"><span class='ocrx_word' id='word_1_99' title='bbox 176 1703 218 1762; x_wconf 81' lang='lat' dir='ltr'><strong>Et</strong></span> <span class='ocrx_word' id='word_1_100' title='bbox 234 1703 281 1761; x_wconf 92' lang='lat' dir='ltr'><strong>bis</strong></span> <span class='ocrx_word' id='word_1_101' title='bbox 295 1702 379 1764; x_wconf 92' lang='lat' dir='ltr'><strong>idem</strong></span> <span class='ocrx_word' id='word_1_102' title='bbox 392 1703 537 1780; x_wconf 79' lang='lat' dir='ltr'><strong>facimus,</strong></span> <span class='ocrx_word' id='word_1_103' title='bbox 556 1705 683 1763; x_wconf 90' lang='lat' dir='ltr'><strong>nimium</strong></span> <span class='ocrx_word' id='word_1_104' title='bbox 697 1705 739 1782; x_wconf 84' lang='lat' dir='ltr'><strong>si,</strong></span> <span class='ocrx_word' id='word_1_105' title='bbox 763 1701 877 1783; x_wconf 88' lang='lat' dir='ltr'><strong>Stella,</strong></span> <span class='ocrx_word' id='word_1_106' title='bbox 898 1703 1022 1764; x_wconf 88' lang='lat' dir='ltr'><strong>videtur</strong></span> 
     </span>
     <span class='ocr_line' id='line_1_18' title="bbox 219 1785 983 1868; baseline 0.005 -24"><span class='ocrx_word' id='word_1_107' title='bbox 219 1785 288 1845; x_wconf 90' lang='lat' dir='ltr'><strong>Hoc</strong></span> <span class='ocrx_word' id='word_1_108' title='bbox 302 1789 377 1866; x_wconf 86' lang='lat' dir='ltr'><strong>tihi,</strong></span> <span class='ocrx_word' id='word_1_109' title='bbox 398 1787 446 1847; x_wconf 90' lang='lat' dir='ltr'><strong>his</strong></span> <span class='ocrx_word' id='word_1_110' title='bbox 459 1785 599 1866; x_wconf 89' lang='lat' dir='ltr'><strong>leporem</strong></span> <span class='ocrx_word' id='word_1_111' title='bbox 613 1797 647 1848; x_wconf 89' lang='lat' dir='ltr'><strong>tu</strong></span> <span class='ocrx_word' id='word_1_112' title='bbox 665 1807 788 1867; x_wconf 89' lang='lat' dir='ltr'><strong>quoque</strong></span> <span class='ocrx_word' id='word_1_113' title='bbox 802 1807 883 1868; x_wconf 92' lang='lat' dir='ltr'><strong>pone</strong></span> <span class='ocrx_word' id='word_1_114' title='bbox 898 1788 983 1848; x_wconf 90' lang='lat' dir='ltr'><strong>mihi.</strong></span> 
     </span>
    </p>
   </div>
   <div class='ocr_carea' id='block_1_5' title="bbox 174 1921 930 2325">
    <p class='ocr_par' dir='ltr' id='par_1_6' title="bbox 174 1921 930 2325">
     <span class='ocr_line' id='line_1_19' title="bbox 565 1921 658 1983; baseline 0.022 -2"><span class='ocrx_word' id='word_1_115' title='bbox 565 1921 658 1983; x_wconf 85' lang='lat' dir='ltr'>XLV.</span> 
     </span>
     <span class='ocr_line' id='line_1_20' title="bbox 174 2028 930 2110; baseline -0.005 -17"><span class='ocrx_word' id='word_1_116' title='bbox 174 2032 269 2093; x_wconf 79' lang='lat' dir='ltr'><strong>Edita</strong></span> <span class='ocrx_word' id='word_1_117' title='bbox 282 2051 323 2092; x_wconf 89' lang='lat' dir='ltr'><strong>ne</strong></span> <span class='ocrx_word' id='word_1_118' title='bbox 336 2031 481 2092; x_wconf 85' lang='lat' dir='ltr'><strong>brevibus</strong></span> <span class='ocrx_word' id='word_1_119' title='bbox 495 2038 605 2110; x_wconf 80' lang='lat' dir='ltr'><strong>pereat</strong></span> <span class='ocrx_word' id='word_1_120' title='bbox 620 2032 695 2107; x_wconf 82' lang='lat' dir='ltr'><strong>mihi</strong></span> <span class='ocrx_word' id='word_1_121' title='bbox 710 2051 782 2092; x_wconf 88' lang='lat' dir='ltr'><strong>eura</strong></span> <span class='ocrx_word' id='word_1_122' title='bbox 795 2028 930 2107; x_wconf 86' lang='lat' dir='ltr'><strong>libellis,</strong></span> 
     </span>
     <span class='ocr_line' id='line_1_21' title="bbox 219 2105 891 2196; baseline -0.003 -20"><span class='ocrx_word' id='word_1_123' title='bbox 219 2117 346 2176; x_wconf 86' lang='lat' dir='ltr'><strong>Dicatur</strong></span> <span class='ocrx_word' id='word_1_124' title='bbox 360 2116 464 2196; x_wconf 90' lang='lat' dir='ltr'><strong>potius</strong></span> <span class='ocrx_word' id='word_1_125' title='bbox 485 2105 552 2174; x_wconf 84' lang='grc' dir='ltr'><strong>Τόν</strong></span> <span class='ocrx_word' id='word_1_126' title='bbox 571 2105 601 2174; x_wconf 79' lang='grc' dir='ltr'><strong>δ’</strong></span> <span class='ocrx_word' id='word_1_127' title='bbox 618 2105 891 2196; x_wconf 79' lang='grc' dir='ltr'><strong><em>ἀπαμειβόμενος.</em></strong></span> 
     </span>
     <span class='ocr_line' id='line_1_22' title="bbox 555 2263 663 2325; baseline 0.019 -2"><span class='ocrx_word' id='word_1_128' title='bbox 555 2263 663 2325; x_wconf 87' lang='lat' dir='ltr'>XLVI.</span> 
     </span>
    </p>
   </div>
   <div class='ocr_carea' id='block_1_6' title="bbox 175 2371 1071 2708">
    <p class='ocr_par' dir='ltr' id='par_1_7' title="bbox 177 2371 1071 2524">
     <span class='ocr_line' id='line_1_23' title="bbox 177 2371 1071 2455; baseline -0.003 -21"><span class='ocrx_word' id='word_1_129' title='bbox 177 2375 253 2435; x_wconf 79' lang='lat' dir='ltr'><strong>curn</strong></span> <span class='ocrx_word' id='word_1_130' title='bbox 268 2374 346 2434; x_wconf 86' lang='lat' dir='ltr'><strong>dicis</strong></span> <span class='ocrx_word' id='word_1_131' title='bbox 360 2376 539 2455; x_wconf 88' lang='lat' dir='ltr'><strong>„Propero,</strong></span> <span class='ocrx_word' id='word_1_132' title='bbox 560 2375 609 2434; x_wconf 82' lang='lat' dir='ltr'><strong>feo</strong></span> <span class='ocrx_word' id='word_1_133' title='bbox 623 2377 650 2436; x_wconf 86' lang='lat' dir='ltr'><strong>si</strong></span> <span class='ocrx_word' id='word_1_134' title='bbox 664 2377 773 2454; x_wconf 78' lang='lat' dir='ltr'><strong>facIs,“</strong></span> <span class='ocrx_word' id='word_1_135' title='bbox 792 2373 924 2454; x_wconf 82' lang='lat' dir='ltr'><strong>Hedyli,</strong></span> <span class='ocrx_word' id='word_1_136' title='bbox 944 2371 1071 2451; x_wconf 81' lang='lat' dir='ltr'><strong>languet</strong></span> 
     </span>
     <span class='ocr_line' id='line_1_24' title="bbox 217 2457 837 2524; baseline 0.003 -6"><span class='ocrx_word' id='word_1_137' title='bbox 217 2460 364 2519; x_wconf 77' lang='lat' dir='ltr'><strong>Protinus</strong></span> <span class='ocrx_word' id='word_1_138' title='bbox 381 2464 414 2518; x_wconf 91' lang='lat' dir='ltr'><strong>et</strong></span> <span class='ocrx_word' id='word_1_139' title='bbox 428 2464 529 2518; x_wconf 86' lang='lat' dir='ltr'><strong>cessat</strong></span> <span class='ocrx_word' id='word_1_140' title='bbox 546 2457 708 2520; x_wconf 85' lang='lat' dir='ltr'><strong>debilitata</strong></span> <span class='ocrx_word' id='word_1_141' title='bbox 722 2461 837 2524; x_wconf 85' lang='lat' dir='ltr'><strong>Venus.</strong></span> 
     </span>
    </p>

    <p class='ocr_par' dir='ltr' id='par_1_8' title="bbox 175 2541 1005 2708">
     <span class='ocr_line' id='line_1_25' title="bbox 175 2541 850 2622; baseline 0 -20"><span class='ocrx_word' id='word_1_142' title='bbox 175 2544 350 2622; x_wconf 79' lang='lat' dir='ltr'><strong>Expectare</strong></span> <span class='ocrx_word' id='word_1_143' title='bbox 366 2543 454 2602; x_wconf 86' lang='lat' dir='ltr'><strong>iube:</strong></span> <span class='ocrx_word' id='word_1_144' title='bbox 473 2541 609 2604; x_wconf 87' lang='lat' dir='ltr'><strong>velocius</strong></span> <span class='ocrx_word' id='word_1_145' title='bbox 624 2545 677 2604; x_wconf 91' lang='lat' dir='ltr'><strong>ibo</strong></span> <span class='ocrx_word' id='word_1_146' title='bbox 691 2551 850 2605; x_wconf 89' lang='lat' dir='ltr'><strong>retentus:</strong></span> 
     </span>
     <span class='ocr_line' id='line_1_26' title="bbox 217 2624 1005 2708; baseline 0.001 -23"><span class='ocrx_word' id='word_1_147' title='bbox 217 2624 349 2704; x_wconf 85' lang='lat' dir='ltr'><strong>Hedyli,</strong></span> <span class='ocrx_word' id='word_1_148' title='bbox 372 2627 398 2686; x_wconf 89' lang='lat' dir='ltr'><strong>si</strong></span> <span class='ocrx_word' id='word_1_149' title='bbox 413 2644 578 2706; x_wconf 80' lang='lat' dir='ltr'><strong>properus,</strong></span> <span class='ocrx_word' id='word_1_150' title='bbox 598 2625 647 2686; x_wconf 87' lang='lat' dir='ltr'><strong>die</strong></span> <span class='ocrx_word' id='word_1_151' title='bbox 662 2629 753 2706; x_wconf 89' lang='lat' dir='ltr'><strong>mihi,</strong></span> <span class='ocrx_word' id='word_1_152' title='bbox 776 2644 1005 2708; x_wconf 66' lang='lat' dir='ltr'><strong>ner-properem.</strong></span> 
     </span>
    </p>
   </div>
   <div class='ocr_carea' id='block_1_7' title="bbox 551 2758 670 2823">
    <p class='ocr_par' dir='ltr' id='par_1_9' title="bbox 551 2758 670 2823">
     <span class='ocr_line' id='line_1_27' title="bbox 551 2758 670 2823; baseline 0.025 -4"><span class='ocrx_word' id='word_1_153' title='bbox 551 2758 670 2823; x_wconf 86' lang='lat' dir='ltr'><strong>XLVll.</strong></span> 
     </span>
    </p>
   </div>
   <div class='ocr_carea' id='block_1_8' title="bbox 176 2869 1126 3035">
    <p class='ocr_par' dir='ltr' id='par_1_10' title="bbox 176 2869 1126 3035">
     <span class='ocr_line' id='line_1_28' title="bbox 176 2869 1126 2952; baseline 0.001 -23"><span class='ocrx_word' id='word_1_154' title='bbox 176 2870 284 2950; x_wconf 87' lang='lat' dir='ltr'><strong>Nuper</strong></span> <span class='ocrx_word' id='word_1_155' title='bbox 299 2877 366 2931; x_wconf 77' lang='lat' dir='ltr'><strong>erut</strong></span> <span class='ocrx_word' id='word_1_156' title='bbox 380 2870 533 2948; x_wconf 86' lang='lat' dir='ltr'><strong>medicus,</strong></span> <span class='ocrx_word' id='word_1_157' title='bbox 555 2890 637 2932; x_wconf 91' lang='lat' dir='ltr'><strong>nunc</strong></span> <span class='ocrx_word' id='word_1_158' title='bbox 652 2879 700 2932; x_wconf 89' lang='lat' dir='ltr'><strong>est</strong></span> <span class='ocrx_word' id='word_1_159' title='bbox 713 2871 838 2952; x_wconf 84' lang='lat' dir='ltr'><strong>vispillo</strong></span> <span class='ocrx_word' id='word_1_160' title='bbox 853 2869 996 2933; x_wconf 78' lang='lat' dir='ltr'><strong>Diaulus:</strong></span> <span class='ocrx_word' id='word_1_161' title='bbox 1123 2896 1126 2902; x_wconf 59' lang='lat'><strong><em>¹</em></strong></span> 
     </span>
     <span class='ocr_line' id='line_1_29' title="bbox 219 2952 905 3035; baseline 0.001 -23"><span class='ocrx_word' id='word_1_162' title='bbox 219 2952 309 3030; x_wconf 78' lang='lat' dir='ltr'><strong>Quod</strong></span> <span class='ocrx_word' id='word_1_163' title='bbox 322 2953 443 3035; x_wconf 89' lang='lat' dir='ltr'><strong>vispillo</strong></span> <span class='ocrx_word' id='word_1_164' title='bbox 463 2955 553 3032; x_wconf 83' lang='lat' dir='ltr'><strong>iacit,</strong></span> <span class='ocrx_word' id='word_1_165' title='bbox 575 2955 695 3015; x_wconf 86' lang='lat' dir='ltr'><strong>fecerat</strong></span> <span class='ocrx_word' id='word_1_166' title='bbox 712 2963 745 3016; x_wconf 88' lang='lat' dir='ltr'><strong>et</strong></span> <span class='ocrx_word' id='word_1_167' title='bbox 759 2955 905 3024; x_wconf 84' lang='lat' dir='ltr'><strong>medicus.</strong></span> 
     </span>
    </p>
   </div>
   <div class='ocr_carea' id='block_1_9' title="bbox 549 3089 729 3150">
    <p class='ocr_par' dir='ltr' id='par_1_11' title="bbox 549 3089 729 3150">
     <span class='ocr_line' id='line_1_30' title="bbox 549 3089 729 3150; baseline -0.033 -2"><span class='ocrx_word' id='word_1_168' title='bbox 549 3089 682 3150; x_wconf 87' lang='lat' dir='ltr'><strong>XLVlll.</strong></span> <span class='ocrx_word' id='word_1_169' title='bbox 726 3133 729 3142; x_wconf 89' lang='lat'><em>.</em></span> 
     </span>
    </p>
   </div>
   <div class='ocr_carea' id='block_1_10' title="bbox 40 3197 903 3279">
    <p class='ocr_par' dir='ltr' id='par_1_12' title="bbox 40 3197 903 3279">
     <span class='ocr_line' id='line_1_31' title="bbox 40 3197 903 3279; baseline 0.001 -22"><span class='ocrx_word' id='word_1_170' title='bbox 40 3231 52 3244; x_wconf 61' lang='grc' dir='ltr'>ι</span> <span class='ocrx_word' id='word_1_171' title='bbox 174 3197 315 3258; x_wconf 78' lang='lat' dir='ltr'><strong>Rictibus</strong></span> <span class='ocrx_word' id='word_1_172' title='bbox 330 3199 379 3258; x_wconf 90' lang='lat' dir='ltr'><strong>his</strong></span> <span class='ocrx_word' id='word_1_173' title='bbox 393 3205 498 3259; x_wconf 81' lang='lat' dir='ltr'><strong>tauros</strong></span> <span class='ocrx_word' id='word_1_174' title='bbox 511 3218 574 3259; x_wconf 93' lang='lat' dir='ltr'><strong>non</strong></span> <span class='ocrx_word' id='word_1_175' title='bbox 588 3201 734 3279; x_wconf 86' lang='lat' dir='ltr'><strong>eripuere</strong></span> <span class='ocrx_word' id='word_1_176' title='bbox 749 3201 903 3278; x_wconf 80' lang='lat' dir='ltr'><strong>magistri,</strong></span> 
     </span>
    </p>
   </div>
   <div class='ocr_carea' id='block_1_11' title="bbox 172 3281 986 3510">
    <p class='ocr_par' dir='ltr' id='par_1_13' title="bbox 172 3281 986 3510">
     <span class='ocr_line' id='line_1_32' title="bbox 215 3281 986 3363; baseline 0.003 -24"><span class='ocrx_word' id='word_1_177' title='bbox 215 3282 279 3340; x_wconf 88' lang='lat' dir='ltr'><strong>Per</strong></span> <span class='ocrx_word' id='word_1_178' title='bbox 294 3301 371 3360; x_wconf 90' lang='lat' dir='ltr'><strong>quos</strong></span> <span class='ocrx_word' id='word_1_179' title='bbox 385 3281 501 3362; x_wconf 86' lang='lat' dir='ltr'><strong>praedo</strong></span> <span class='ocrx_word' id='word_1_180' title='bbox 514 3282 605 3361; x_wconf 80' lang='lat' dir='ltr'><strong>fugax</strong></span> <span class='ocrx_word' id='word_1_181' title='bbox 619 3285 705 3363; x_wconf 89' lang='lat' dir='ltr'><strong>itque</strong></span> <span class='ocrx_word' id='word_1_182' title='bbox 720 3282 865 3362; x_wconf 86' lang='lat' dir='ltr'><strong>reditque</strong></span> <span class='ocrx_word' id='word_1_183' title='bbox 879 3281 986 3362; x_wconf 86' lang='lat' dir='ltr'><strong>lepus;</strong></span> 
     </span>
     <span class='ocr_line' id='line_1_33' title="bbox 172 3363 977 3444; baseline -0.001 -20"><span class='ocrx_word' id='word_1_184' title='bbox 172 3363 327 3443; x_wconf 80' lang='lat' dir='ltr'><strong>Quodque</strong></span> <span class='ocrx_word' id='word_1_185' title='bbox 344 3367 440 3444; x_wconf 83' lang='lat' dir='ltr'><strong>magis</strong></span> <span class='ocrx_word' id='word_1_186' title='bbox 455 3369 580 3444; x_wconf 86' lang='lat' dir='ltr'><strong>mirum,</strong></span> <span class='ocrx_word' id='word_1_187' title='bbox 602 3365 742 3427; x_wconf 82' lang='lat' dir='ltr'><strong>velocior</strong></span> <span class='ocrx_word' id='word_1_188' title='bbox 756 3368 821 3426; x_wconf 83' lang='lat' dir='ltr'><strong>exit</strong></span> <span class='ocrx_word' id='word_1_189' title='bbox 835 3369 871 3426; x_wconf 89' lang='lat' dir='ltr'><strong>ah</strong></span> <span class='ocrx_word' id='word_1_190' title='bbox 886 3366 977 3434; x_wconf 80' lang='lat' dir='ltr'><strong>horte</strong></span> 
     </span>
     <span class='ocr_line' id='line_1_34' title="bbox 215 3448 808 3510; baseline 0.003 -2"><span class='ocrx_word' id='word_1_191' title='bbox 215 3448 282 3508; x_wconf 84' lang='lat' dir='ltr'><strong>Nee</strong></span> <span class='ocrx_word' id='word_1_192' title='bbox 295 3448 374 3509; x_wconf 92' lang='lat' dir='ltr'><strong>nihil</strong></span> <span class='ocrx_word' id='word_1_193' title='bbox 389 3469 406 3508; x_wconf 92' lang='lat' dir='ltr'><strong>a</strong></span> <span class='ocrx_word' id='word_1_194' title='bbox 420 3455 505 3509; x_wconf 90' lang='lat' dir='ltr'><strong>tanta</strong></span> <span class='ocrx_word' id='word_1_195' title='bbox 519 3450 681 3510; x_wconf 84' lang='lat' dir='ltr'><strong>nobilitate</strong></span> <span class='ocrx_word' id='word_1_196' title='bbox 697 3450 808 3510; x_wconf 88' lang='lat' dir='ltr'><strong>refert.</strong></span> 
     </span>
    </p>
   </div>
   <div class='ocr_carea' id='block_1_12' title="bbox 0 0 1218 3900">
    <p class='ocr_par' dir='ltr' id='par_1_14' title="bbox 0 0 1218 3900">
     <span class='ocr_line' id='line_1_35' title="bbox 0 0 1218 3900; baseline 0 5"><span class='ocrx_word' id='word_1_197' title='bbox 0 0 1218 3900; x_wconf 95' lang='lat' dir='ltr'><strong> </strong></span> 
     </span>
    </p>
   </div>
  </div>
 </body>
</html>
