2392 3888
222 169 563 232 ΕΡΙΕΒΑΜΜΑἸἺΟΝ
577 170 653 232 LIII.
668 173 745 237 VIII.
943 168 1003 238 181

434 371 531 434 XXV.

31 472 162 554 Vidisti
176 483 290 564 semel,
314 485 469 568 Oppiaue,
492 492 610 546 tantum

33 577 184 652 Aegrum
199 588 249 629 me
263 567 358 630 male:
380 588 473 649 saepe
488 577 521 630 te
535 568 657 630 videbo.

317 759 323 765 .
434 703 543 766 XXVI.

32 821 111 881 Non
125 825 176 879 tot
189 819 221 878 in
237 818 311 878 IIois
327 818 429 877 timuit
444 818 631 897 Gangeticus
647 821 727 879 arvia

82 905 223 982 Raptor,
246 903 279 961 iu
294 902 439 981 Hyrcano
456 903 507 981 qui
521 903 602 980 fugit
615 902 701 963 albus
717 921 812 983 equo,

33 990 127 1064 Quot
141 993 195 1045 tua
209 986 305 1046 Roma
318 1005 411 1046 novar
426 985 520 1061 vidit,
543 986 742 1065 Germanice,
763 988 876 1066 tigres:

81 1067 220 1130 Deliciae
234 1071 336 1149 potuit
350 1088 408 1128 nee
423 1087 585 1129 numerare
600 1089 677 1130 suas.

23 1155 149 1214 »Vincit
162 1155 354 1232 Erythraeos
368 1159 436 1230 tua,
456 1154 584 1232 Caesar,
608 1156 724 1214 harena
736 1155 910 1236 triumphos

82 1239 127 1297 nt
143 1238 272 1297 victoris
287 1255 362 1318 oper
379 1235 560 1316 divitiasque
579 1237 640 1303 dei.

37 1323 120 1382 Nam
137 1339 206 1381 oum
222 1322 358 1402 captivos
373 1328 481 1399 ageret
496 1324 552 1380 sub
568 1323 708 1404 curribus
723 1323 832 1400 Indos,

83 1407 260 1466 Contentus
275 1406 396 1484 gemina
410 1404 525 1484 tigride
540 1406 677 1467 bacchus
692 1413 768 1468 erat.

422 1539 544 1601 XXVII.

38 1651 178 1712 Munera
194 1651 246 1730 qui
261 1651 318 1715 tibi
333 1651 387 1712 dat
400 1625 565 1731 locupleti,
588 1653 708 1728 Gaura,
731 1653 877 1732 senique,

84 1735 120 1794 Si
136 1735 219 1813 sapis
235 1741 267 1795 et
281 1737 395 1814 sentis,
416 1736 476 1795 hoe
492 1737 550 1797 tibi
565 1738 608 1796 aii
621 1736 803 1815 „Morere.“

415 1884 550 1946 XXVIII.

41 1997 118 2074 Die,
140 2003 229 2076 toga,
250 1996 375 2056 facundi
390 2004 509 2076 gratum
523 1997 598 2055 mihi
613 2015 722 2055 munus
738 1999 845 2076 amici,
876 2017 880 2024 ’

84 2083 164 2141 Esse
177 2081 255 2140 veiis
270 2082 355 2140 ouius
370 2081 449 2140 iama
464 2081 620 2159 decusque
637 2081 763 2158 gregis?

43 2163 167 2245 Appula
178 2163 295 2225 Ledaei
312 2165 370 2225 tibi
384 2166 490 2224 floruit
506 2165 603 2226 herba
617 2162 799 2240 Phalanthi,
902 2159 904 2164 ’

89 2249 154 2324 Qua
169 2255 287 2308 saturat
302 2248 440 2310 Calabris
457 2248 539 2308 eulta
557 2245 706 2310 Galaesus
723 2248 831 2327 aquis?
929 2243 930 2248 ’
1050 2251 1054 2258 “

28 2335 96 2394 ἰΑιι
112 2333 325 2393 Tartessiaous
343 2331 455 2393 stabuli
469 2333 605 2392 nutritor
620 2331 732 2390 Hiberi

90 2416 192 2476 Raetis
207 2417 239 2475 in
253 2416 408 2496 Hesperia
420 2423 453 2479 te
466 2423 593 2494 *quoque
607 2413 683 2477 lavit
699 2416 778 2488 ovefi

46 2502 95 2560 An
109 2506 159 2559 tua
173 2498 356 2564 multifidum
372 2501 544 2564 numeravit
556 2497 627 2560 lana
642 2499 818 2578 Timavum,

91 2584 187 2658 Quem
201 2585 271 2665 pius
286 2584 431 2646 astrifero
441 2583 591 2663 ,Cyllarus
607 2602 662 2648 ore
677 2585 779 2646 bibit?

48 2668 97 2727 Te
112 2686 167 2727 nee
180 2666 348 2746 Amyclaeo
365 2668 469 2727 decuit
482 2669 579 2728 livere
595 2687 730 2745 veneno,

33 2763 41 2814 I
88 2751 152 2811 Nee
166 2750 293 2820 Miletos
307 2757 376 2811 erat
388 2750 508 2812 vellere
524 2750 615 2830 digna
631 2758 693 2811 tuo.

48 2835 128 2896 Lilia
141 2843 174 2895 tu
189 2837 286 2895 vineis
301 2854 359 2896 nee
374 2834 473 2899 adhue
489 2834 615 2915 delapsa
629 2835 776 2912 ligustra,

90 2921 130 2978 Et
143 2919 309 2980 TiburtIno
323 2926 428 2979 monte
444 2919 527 2998 quod
539 2919 622 2978 albet
636 2921 723 2978 ebur.

50 3005 213 3084 Spartanus
227 3005 285 3064 tibi
300 3003 393 3064 cedet
409 3003 476 3064 olor
489 3003 687 3082 Paphiaeque
701 2998 878 3079 columbae,

38 3149 40 3164 ς
93 3085 189 3149 Cedet
203 3089 388 3166 Erythraeis
403 3094 491 3148 eruta
506 3105 625 3166 gemma
638 3085 733 3148 vadis.

38 3165 113 3270 ISed
125 3170 199 3231 lieet
212 3173 289 3231 haee
303 3173 411 3252 primis
427 3172 547 3233 nivibus
563 3173 624 3230 rint
639 3168 758 3230 aemula
772 3167 870 3248 dona,

39 3281 41 3296 ·
91 3256 155 3316 Non
170 3263 242 3316 sunt
255 3257 424 3316 Parthenio
440 3255 618 3316 candidiora
633 3274 698 3315 suo.
822 3269 825 3276 ’

48 3341 116 3404 h'on
129 3359 183 3419 ego
198 3339 402 3420 praetulerim
417 3338 592 3418 Babylonos
607 3339 688 3418 pieta
704 3337 856 3415 superbae

90 3426 200 3502 'Iexta,
223 3424 405 3485 Semiramio
420 3442 498 3503 quae
512 3425 668 3496 variantur
684 3441 754 3496 aeu3
