2426 3900
304 669 361 774 ἰι
392 701 496 774 ιιι.
520 699 777 776 nrnrnns

231 838 865 968 urronrnnrron

430 1055 591 1116 LIBER
617 1055 667 1119 lv.

454 1238 561 1301 *L

112 1351 257 1414 Caesaris
272 1349 351 1422 alma
364 1352 432 1414 dies
449 1359 483 1414 et
496 1352 568 1413 luce
583 1352 733 1413 sacratior
747 1349 816 1432 illa,

157 1435 286 1496 Conscia
299 1437 459 1497 Dictaeum
476 1456 536 1514 qua
547 1435 621 1496 tulit
632 1434 685 1495 lda
699 1435 816 1514 lovem,

109 1521 235 1600 Longa,
256 1538 386 1599 precor,
406 1519 559 1600 Pylioque
572 1521 644 1580 veni
657 1523 853 1581 numerosior
867 1541 941 1584 acro

155 1604 285 1683 Semper
300 1611 334 1664 et
346 1604 406 1665 hoc
418 1601 505 1664 voltu
517 1603 566 1664 vel
579 1603 709 1664 meliore
724 1605 799 1664 nite.

87 1689 174 1752 5Hic
190 1686 273 1748 colat
286 1685 405 1748 Albano
421 1686 586 1748 Tritonida
599 1685 714 1747 multus
729 1688 761 1746 in
776 1706 849 1747 auro

154 1772 278 1852 Perque
293 1791 398 1833 manus
411 1777 513 1831 tantas
527 1768 658 1851 plurima
673 1790 805 1850 quercus
819 1777 887 1846 cat;

109 1857 173 1918 Hic
189 1855 273 1923 colat¹
284 1856 405 1934 ingenti
418 1854 583 1915 redeuntis
598 1851 721 1915 saecula
733 1853 834 1916 lustro

154 1941 196 2001 nt
210 1958 289 2019 quae
303 1937 469 2000 Romuleus
484 1958 571 2000 sacra
586 1939 742 2000 Tarentos
757 1939 860 2001 habet.

109 2023 225 2102 Magus
239 2023 380 2103 quidem,
401 2023 531 2102 Superi,
552 2024 702 2102 petimus,
724 2021 781 2082 sed
796 2021 901 2085 debita
915 2025 1025 2084 terrisr

64 2121 103 2172 lo
154 2107 215 2168 Pro
230 2113 316 2167 tanto
332 2125 411 2186 quae
425 2112 497 2167 sunt
511 2108 652 2187 improba
664 2112 735 2167 vota
749 2105 832 2167 decl

532 2241 568 2301 H.

112 2353 282 2434 Spectabat
295 2351 386 2414 modo
403 2352 486 2414 solus
500 2355 584 2413 inter
599 2349 705 2412 omnes
751 2397 753 2402 ,

111 2437 218 2515 Nigris
232 2456 342 2498 munus
355 2437 503 2499 Horatius
520 2435 670 2514 lacernis,

111 2522 192 2583 (luna
205 2520 295 2603 plebs
310 2527 343 2582 et
354 2523 456 2583 minor
469 2519 547 2582 ordo
561 2521 770 2598 maximusque

112 2607 228 2667 Sancto
243 2625 312 2666 cum
326 2604 406 2667 duce
420 2604 568 2666 candidus
583 2604 718 2668 sederet.

111 2689 197 2751 Toto
211 2690 264 2750 nix
277 2689 392 2751 cecidit
405 2694 537 2770 repente
553 2688 655 2749 caelo:

110 2771 201 2835 Albis
215 2779 336 2854 spectat
349 2773 497 2834 Horatius
508 2771 652 2834 lacernis.

526 2907 574 2967 Ill.

110 3019 228 3100 Aspice
244 3039 334 3100 quam
349 3017 478 3080 densum
491 3021 654 3080 tacitarum
668 3017 767 3080 vellus
781 3040 933 3100 aquarum·

154 3103 279 3164 Defluat
295 3104 328 3164 in
342 3102 443 3165 voltus
458 3105 600 3165 caesaris
614 3105 709 3184 inque
723 3105 818 3167 sinus.

111 3186 258 3267 Indulget
270 3193 374 3248 tomen
388 3186 444 3248 ille
458 3188 538 3266 Iovi,
559 3207 618 3271 uec
632 3190 750 3250 vertice
768 3195 852 3250 moto

154 3271 327 3333 concretas
339 3274 428 3353 pigro
442 3271 562 3350 frigore
574 3272 660 3333 ridet
673 3292 783 3352 aquas,

84 3354 207 3421 bSidus
220 3355 420 3436 Hyperborei
435 3355 543 3416 solitus
556 3353 673 3417 lassare
688 3358 805 3417 Bootae

156 3441 198 3501 Et
212 3438 343 3500 madidis
357 3439 490 3500 Helicen
505 3437 699 3500 dissimulare
715 3441 820 3500 comis.

819 3518 863 3583 6*
