2392 3888
274 153 616 214 EPIGRAMMATON
629 153 704 216 LlB.
720 155 772 216 Vl.
988 155 1045 220 lii

133 304 209 366 Odit
222 311 255 364 et
268 305 434 381 hibernes,
456 305 482 363 si
497 309 644 382 tepuere,
667 303 744 367 dies.

66 388 173 467 5Quid
186 389 294 447 fecere
309 384 382 446 muli
396 394 521 446 nostroe
535 387 610 465 tibi,
632 405 738 465 soevo,
752 386 912 466 lucernae,

134 471 263 533 Tollere
279 471 318 531 de
334 470 466 550 scopulis
482 489 556 548 quos
572 469 650 530 levis
666 491 739 530 suro
750 472 878 550 potest?

91 559 213 633 Quanto
229 552 416 634 simplicius,
439 563 551 633 qusnto
567 562 616 614 est
629 556 789 616 humanius
803 552 900 633 illud,

130 640 243 701 Mense
257 636 308 698 vel
321 639 459 716 Augusto
476 656 598 698 sumere
615 639 817 719 gausapiuosi

498 771 561 832 Lx.
612 835 615 841 ,

88 873 167 933 Rem
182 871 293 930 foetam
307 868 487 949 Pompullus
501 871 613 948 habet,
634 870 798 930 Faustiue:
819 868 942 947 legetur

130 957 173 1015 Et
184 972 297 1013 nomen
310 958 377 1013 toto
392 959 517 1033 sparget
534 956 566 1012 in
583 956 660 1013 orbe
674 971 769 1013 suum.

90 1039 142 1100 Sic
156 1037 227 1098 leve
241 1039 389 1098 flavorum
402 1035 502 1097 valeat
516 1055 612 1114 genus
628 1037 808 1115 Usiporum,

131 1122 278 1200 Quisquis
293 1127 325 1180 et
340 1121 508 1180 Ausonium
523 1140 585 1181 uon
599 1127 679 1179 omot
692 1121 865 1200 imperium.

65 1207 251 1284 olngeniosa
263 1210 368 1264 tomen
382 1202 538 1283 Pompulli
552 1203 842 1283 scriptuleruntur:

130 1288 195 1350 Sed
208 1289 307 1349 furuae
321 1307 384 1348 uon
400 1293 448 1347 est
465 1288 540 1366 hoc,
562 1289 637 1348 mihi
655 1285 766 1362 erede,
788 1287 882 1348 sotis'
920 1345 929 1360 ,

88 1375 186 1451 Quom
200 1370 288 1433 multi
302 1374 402 1432 tineus
417 1377 546 1452 pascunt
558 1369 731 1449 blattasque
746 1370 873 1447 diserti,

130 1458 172 1517 Et
185 1456 342 1516 redimunt
356 1454 416 1514 soli
432 1457 567 1515 carmina
584 1453 675 1514 doctu
689 1455 770 1515 coci!

88 1542 201 1605 Nescio
217 1537 292 1619 quid
307 1534 379 1619 plus
393 1549 457 1614 est,
480 1537 562 1618 quod
578 1537 672 1598 doust
687 1535 808 1597 soeculo
825 1537 956 1596 clrsrtis:
1071 1555 1080 1572 ·

44 1635 81 1689 lo
128 1624 276 1686 Victurus
290 1623 423 1684 Genium
438 1620 533 1683 debet
546 1622 663 1681 hibero
680 1619 771 1681 liber.

86 1853 224 1932 Lsudot,
246 1859 342 1929 omui,
365 1857 466 1912 coutet
481 1860 604 1913 nostros
617 1871 685 1914 meo
698 1853 794 1912 Romo
810 1848 956 1929 libellos,

128 1938 246 2017 Meque
261 1937 346 1996 sinus
361 1937 473 2014 omnis,
491 1955 543 1996 me
559 1956 664 1996 monus
678 1937 776 1996 omnis
791 1936 895 1994 habet.

86 2023 171 2082 Ecce
189 2023 283 2081 rubet
298 2018 436 2098 quidam,
455 2019 569 2099 pollet,
592 2027 712 2100 stupet,
736 2020 862 2096 oscitat,
885 2017 960 2077 odit.

129 2105 198 2165 Hoc
213 2103 300 2164 solo:
322 2123 403 2162 nuuc
417 2105 506 2163 nobis
525 2105 658 2162 carmina
673 2108 778 2164 nostro
791 2100 927 2182 placent.

481 2235 572 2299 [ΧΠ.

89 2336 200 2395 Amisit
214 2345 303 2414 poter
318 2335 439 2393 unicum
455 2329 599 2392 Solsnus:

88 2419 201 2479 Cessas
217 2420 343 2478 mittero
357 2435 500 2492 munero,
524 2413 686 2495 Oppioue'i
705 2483 707 2487 7

86 2502 174 2579 Heu,
197 2500 324 2562 crudele
339 2502 426 2560 nefas
441 2499 600 2578 malaeque
615 2497 745 2558 Porose!

89 2586 185 2646 Cuius
200 2585 330 2646 volturis
344 2585 404 2644 hoc
419 2585 481 2643 erit
495 2582 648 2644 cadaver?

475 2717 580 2778 LXlll.

88 2816 157 2876 Scis
173 2823 206 2876 te
221 2818 355 2898 captori,
377 2817 438 2877 scis
451 2817 532 2875 huuc
549 2816 601 2894 qui
618 2820 737 2893 coptst,
760 2832 900 2890 ssorum,

129 2901 172 2960 Et
186 2902 247 2960 scis
262 2903 315 2978 qui
327 2907 447 2980 coptot,
470 2898 560 2977 quid,
582 2897 739 2970 Marione,
760 2896 846 2960 velit.

88 2984 139 3045 Tu
153 2995 257 3044 tamen
270 2985 352 3044 hunc
367 2983 480 3044 tubulis
493 2981 659 3059 heredem,
680 2979 793 3059 stulte,
815 2983 967 3060 supremis

130 3069 248 3128 Scribis
264 3075 297 3128 et
315 3085 385 3128 esse
398 3075 453 3127 tuo
467 3069 529 3143 ris,
551 3066 687 3144 furiose,
708 3064 790 3126 loco.

64 3151 246 3231 5„Munerc
260 3171 370 3230 magno
383 3157 485 3211 tumeo
500 3151 617 3210 misit.“
647 3149 710 3210 Sed
725 3149 809 3210 misit
823 3151 856 3208 iu
867 3148 974 3220 homo;

128 3236 172 3296 Et
184 3237 373 3317 piscatorem
388 3237 482 3315 piscis
498 3253 600 3294 umore
614 3233 742 3315 potest?

85 3319 202 3380 Hicine
218 3318 349 3381 deflebit
361 3337 436 3380 vero
452 3326 505 3379 tuo
517 3319 582 3378 foto
596 3316 728 3377 dolore?

130 3403 165 3463 Si
179 3405 284 3484 cupis,
303 3411 338 3464 ut
350 3405 471 3484 ploret,
493 3401 565 3480 des,
586 3401 742 3476 Marione,
762 3395 850 3457 nihil.
971 3475 972 3480 ἵ
