2474 3906
356 253 538 302 sunsrounu
561 254 695 302 suumn.
960 247 1016 306 tol

27 415 80 472 Sio
97 410 195 471 itidem
211 409 340 470 Romana
356 426 472 485 manus,
490 408 668 469 contendere
691 419 844 489 postquam

26 496 149 556 Destitit
165 503 195 554 et
210 510 313 572 paoem
336 493 432 570 longis
447 491 571 553 frenavit
587 491 723 570 habenis,

27 580 96 656 lpsa
112 579 189 638 domi
207 578 292 655 leges
311 584 340 636 et
356 575 440 636 Graia
455 577 571 637 inventa
586 585 748 638 retraetans

28 662 133 721 Omnia
149 661 295 722 bellorum
309 669 387 720 terra
403 663 534 738 quaesita
549 661 679 739 marique

27 745 161 806 Praemia
178 745 302 805 oonsilio
319 753 349 803 et
362 743 443 804 molli
461 745 574 804 ratione
589 744 723 821 regebat.

26 829 130 889 Stabat
146 829 174 888 in
192 827 252 896 his;
273 829 460 906 nequeenim
477 837 593 906 poterat
609 837 744 888 constare
761 829 823 889 sine
838 829 926 908 ipsis,

27 914 89 972 Aut
106 912 215 972 frustra
230 913 314 971 uxori
333 911 516 992 mendaxque
534 912 684 990 Diespiter
699 911 782 974 olim:

26 997 198 1076 Imperium
211 998 278 1058 sios
294 995 356 1074 fiae
375 993 459 1072 dedi,
475 995 585 1055 dixisse
601 993 751 1074 probatur.

28 1079 114 1138 Nune
129 1080 217 1156 igitur
233 1080 282 1158 qni
297 1096 346 1138 res
360 1077 505 1139 Romanas
521 1080 643 1157 imperat
664 1079 758 1154 inter,

26 1163 93 1222 Nou
110 1163 195 1222 trabe
211 1163 263 1222 sed
278 1170 363 1238 tergo
379 1160 535 1240 prolapsus
553 1169 583 1222 et
598 1162 726 1238 ingluvie
741 1159 841 1237 albus,

26 1247 64 1306 Et
81 1246 175 1306 studia
191 1255 220 1306 et
236 1247 353 1323 sapiens
369 1245 513 1306 bominum
528 1262 692 1323 nomenque
707 1263 861 1324 genusque

28 1330 131 1388 Omnia
149 1328 230 1389 abire
247 1328 328 1388 lonas
342 1337 431 1407 atque
445 1328 516 1390 urbe
535 1329 683 1390 excedere
698 1331 790 1388 iussit.

27 1412 104 1486 Quid
119 1412 267 1472 iacimus?
297 1411 400 1474 Graios
416 1411 618 1491 bominumque
634 1412 801 1490 reliquimus
817 1410 921 1489 urbes,

28 1497 66 1556 Ut
82 1495 214 1556 Romana
228 1497 308 1555 loret
322 1496 414 1573 magis
432 1496 476 1557 bis
492 1497 632 1556 instructa
647 1497 807 1574 magistris;

27 1580 129 1655 Nune,
147 1575 312 1658 Capitolino
327 1579 419 1639 veluti
435 1579 568 1640 turbante
585 1576 707 1640 Camillo

26 1662 157 1722 Ensibus
173 1672 203 1723 et
219 1663 324 1724 mutina
341 1661 416 1724 Galli
429 1662 534 1740 lugere
556 1663 676 1739 relicta,

26 1750 77 1806 Sio
93 1747 187 1806 nostri
203 1747 304 1825 palare
319 1763 407 1806 senes
423 1745 555 1806 dicuntur
571 1747 672 1825 stipsi

26 1830 64 1890 Ut
80 1828 178 1890 ferale
194 1848 264 1889 suos
281 1847 353 1890 onus
369 1831 533 1907 exstirpare
550 1828 678 1890 libellos.

27 1913 109 1990 Ergo
125 1911 315 1974 Numantinus
331 1912 515 1992 Libycusque
535 1915 643 1975 erravit
660 1915 688 1974 in
710 1916 765 1974 isto

26 1999 150 2076 Scipio,
167 1999 215 2075 qui
230 1996 345 2059 Rhodio
361 1999 454 2056 erevit
471 1997 615 2058 formante
629 1999 784 2075 magistro,

27 2079 138 2141 Cetera
155 2091 184 2141 et
199 2081 249 2141 illa
262 2099 362 2142 manus
377 2079 459 2140 bello
474 2080 598 2143 larunda
617 2081 763 2158 seeundo,

27 2165 112 2237 Quos
129 2165 205 2224 inter
220 2166 310 2243 prisci
326 2165 469 2224 sententia
487 2164 534 2226 dia
550 2161 669 2225 Catonis

27 2249 113 2309 Scire
130 2248 206 2308 adeo
222 2247 317 2326 magni
334 2248 472 2322 lenisset,
491 2257 621 2308 utrumne
636 2249 772 2308 secundis

28 2335 74 2391 An
94 2333 186 2410 magis
204 2332 335 2394 adversis
350 2339 442 2391 staret
456 2330 586 2392 Romana
601 2327 756 2409 propago?

28 2416 152 2476 Seilioet
168 2415 318 2476 adversis:
341 2431 406 2474 nam
425 2433 510 2496 quum
529 2414 682 2475 defendier
702 2415 789 2474 armis

29 2499 140 2560 Suadet
155 2515 235 2560 amon
250 2499 361 2577 patriae
384 2508 413 2559 et
431 2500 545 2578 captiva
566 2497 721 2577 penatibus
734 2513 825 2572 uxor,

30 2583 192 2659 Convenit,
212 2591 242 2641 ut
256 2584 374 2661 vespis,
392 2600 512 2662 quarum
528 2582 630 2643 domus
645 2599 714 2642 aroe
729 2579 881 2654 Monetae,

31 2667 129 2727 Turba
146 2667 245 2744 rigens
263 2667 371 2726 atriolis
387 2684 441 2746 per
457 2666 535 2727 lutea
557 2683 683 2746 corpora
698 2665 781 2737 telis;

31 2751 85 2808 Ast
99 2750 149 2810 ubi
165 2767 236 2828 spes
256 2767 360 2810 secura
375 2749 467 2826 redit,
487 2750 578 2811 oblita
596 2749 728 2811 favorum

31 2832 119 2892 Plebs
133 2841 284 2912 materque
299 2850 355 2893 una
371 2850 472 2894 somno
489 2835 648 2893 moriuntur
664 2832 767 2892 obeso.

32 2915 247 2976 Romulidarum
264 2917 351 2994 igitur
366 2917 454 2996 longa
470 2927 500 2978 et
514 2918 612 2994 gravis
629 2917 746 2977 exitium
760 2932 828 2993 pax.

72 2997 137 3058 lloo
154 2998 263 3060 labella
278 2999 365 3084 modo
381 3019 500 3080 pausam
514 3002 592 3061 laoit.
627 2998 757 3080 Optima,
775 2998 913 3077 posthae,

31 3081 128 3158 Musa,
145 3082 233 3144 velim
249 3101 387 3161 moneas,
405 3085 469 3145 sine
485 3103 541 3164 qua
556 3084 624 3144 mihi
640 3083 717 3144 nulla
732 3081 870 3162 voluptas

31 3165 157 3241 Vivere,
175 3169 216 3227 nti
232 3167 375 3246 quondam
389 3167 502 3244 Lydus,
519 3168 584 3228 dum
600 3169 720 3244 Smyrna
736 3166 865 3246 peribat,

31 3249 113 3310 Nune
127 3250 226 3310 itidem
242 3252 369 3329 migrare
388 3252 480 3321 velis;
502 3251 552 3313 vel
568 3251 694 3331 denique
716 3251 829 3329 quidvis

31 3332 67 3392 Ut
83 3333 138 3394 dea
153 3350 264 3413 quaere
281 3335 376 3404 aliud;
400 3343 508 3396 tanturn
525 3334 654 3397 Romana
670 3332 780 3395 Caleno

32 3415 146 3478 lloenia
161 3417 306 3478 iucundos
320 3421 488 3499 pariterque
504 3428 604 3478 auerte
620 3418 754 3479 Sabinos.

33 3499 109 3560 liaeo
126 3517 198 3578 ego;
223 3510 282 3561 turn
297 3503 397 3581 paneis
410 3501 465 3562 dea
479 3520 525 3562 me
543 3501 690 3580 dignarier
707 3501 780 3561 iniit:
