2474 3906
398 665 756 762 rulllllllb.

120 949 303 1047 posteritas
323 991 434 1048 Grimae
451 1006 525 1046 auno
544 989 762 1062 quadragesImo
780 989 866 1044 altero
884 990 1023 1048 narbaris.
1038 995 1096 1065 epi·
1139 1051 1144 1064 ,

47 1079 228 1147 grammaton
239 1075 325 1132 libros
337 1079 436 1131 nactus
449 1091 510 1130 sum
522 1075 627 1146 aliquot
639 1067 805 1145 scriptorum
817 1072 946 1129 codicum
959 1076 1095 1148 subsidia,

46 1159 85 1214 de
100 1158 202 1230 quibus
214 1157 348 1231 deinceps
362 1157 464 1214 dicam.

114 1243 237 1299 Primum
264 1249 425 1299 accuratam
453 1243 629 1298 collationem
656 1241 763 1298 codicis
784 1242 1006 1314 Edinburgeusis
1031 1244 1095 1316 (E),

43 1343 137 1401 quam
150 1327 179 1382 iu
192 1327 402 1400 Prolegomenls
415 1344 443 1398 p.
457 1325 568 1381 LXXXI
584 1326 767 1381 vehementer
781 1325 994 1395 desiderabam,
1014 1329 1096 1384 inter·

42 1427 136 1469 cessu
147 1412 292 1467 Welckeri
304 1412 401 1483 accepi
413 1429 429 1466 a
442 1409 513 1467 daal.
524 1409 689 1479 Hamiltono,
704 1411 865 1482 professore
877 1411 1095 1485 Ediuburgeusi,

42 1498 95 1570 qui
109 1496 155 1551 vir
166 1495 388 1552 humanissimus
402 1495 552 1550 maalmam
563 1500 672 1566 partem
684 1496 745 1566 ipse
757 1497 886 1562 eontulit,
905 1496 1014 1566 reliqua
1031 1515 1096 1552 con-

41 1579 168 1637 ferenda
180 1577 307 1635 studioso
319 1579 431 1635 cuidam
444 1579 539 1634 iuveni
550 1579 703 1646 commisit,
723 1580 770 1651 qui
789 1585 816 1634 et
833 1581 893 1651 ipse
911 1596 1027 1635 munere
1044 1599 1093 1638 suo

40 1666 119 1722 satis
130 1668 206 1720 recte
222 1665 332 1719 iunctus
345 1669 397 1720 est.
427 1663 488 1736 Ego
508 1679 580 1718 nuuc
599 1661 675 1734 quod
692 1664 758 1718 olim
777 1665 851 1719 tenui
864 1665 1017 1734 specimine
1033 1668 1093 1720 sub-

39 1753 133 1805 nixus
146 1748 181 1803 de
194 1749 295 1803 virtute
308 1748 538 1823 libriperantiqui
550 1747 677 1803 divinavi
694 1748 785 1819 magis
798 1765 881 1819 quam
894 1747 1093 1818 demonstravi,

39 1850 168 1906 prorsus
180 1831 375 1888 confirmatum
387 1832 507 1903 repperi.
539 1832 647 1887 Etenim
665 1831 756 1888 codex
769 1832 806 1887 ad
818 1833 950 1887 familiam
962 1834 1093 1889 librorum

39 1919 79 1974 0³
101 1919 140 1972 ita
161 1916 296 1988 pertinet,
314 1921 344 1972 ut
359 1917 618 1988 praeslaubssimos
640 1917 760 1971 familiae
776 1933 845 1972 suae
863 1922 948 1972 testes
968 1917 1094 1972 XABGV

37 2006 215 2074 plerumque
233 2005 347 2072 aequet,
365 2000 504 2056 Interdum
522 2005 649 2071 superet:
668 1999 742 2055 Idem
761 2006 837 2056 earet
848 2001 977 2057 omnibus
991 2001 1024 2056 iis
1038 2002 1097 2072 qui-

38 2092 100 2142 bus
113 2085 238 2156 reliquos
252 2085 338 2141 libros
356 2085 483 2140 eiusdem
500 2082 617 2156 origiuis
632 2085 764 2157 Prolegg.
774 2101 805 2156 p.
818 2083 928 2141 CXVIII
941 2102 984 2156 sq.
997 2102 1095 2140 carere

40 2171 119 2225 dixi.
156 2169 190 2224 Hi
203 2175 296 2224 autern
306 2170 369 2224 libri
380 2176 407 2224 et
421 2169 504 2240 pauci
517 2169 564 2223 alii
576 2186 639 2223 eum
652 2186 687 2223 ex
704 2181 759 2224 uuo
778 2168 935 2238 eodemque
954 2168 1052 2224 codiee
1070 2174 1097 2222 et

39 2273 79 2310 eo
96 2269 176 2309 saec.
191 2251 230 2308 IX
246 2253 396 2308 vetustiore
408 2269 425 2308 a
436 2253 556 2308 librariis
568 2254 669 2323 partim
681 2252 802 2321 fidelius,
810 2253 911 2324 partim
923 2253 1015 2308 minus
1027 2253 1097 2308 fide·

39 2340 111 2394 liter
126 2337 202 2393 ducti
216 2337 285 2406 siut,
307 2339 445 2408 sequitur,
465 2342 539 2392 ulex
554 2337 709 2392 coniunctis
724 2352 820 2390 eorum
837 2335 1003 2391 testimoniis
1016 2354 1098 2407 repa·

39 2426 103 2478 rari
117 2422 275 2477 communis
289 2421 371 2478 loutIs
390 2423 526 2492 scriptura
542 2421 641 2492 possit.
679 2421 709 2475 Iu
725 2435 829 2491 magna
847 2419 932 2492 igitur
947 2419 1048 2476 horum
1066 2421 1097 2475 li·

38 2513 163 2564 brorum
174 2504 328 2562 concordia
340 2522 403 2560 raro
415 2507 522 2572 evenit,
543 2511 570 2560 ut
582 2522 653 2560 unus
665 2520 701 2560 er
712 2505 747 2560 iis
759 2505 836 2560 solus
848 2519 947 2560 verum
964 2521 1098 2561 servave-

35 2592 79 2648 rit
96 2607 133 2645 ex
149 2589 316 2662 archetypo,
330 2591 428 2661 reliqui
440 2605 537 2645 omnes
552 2590 581 2644 ln
599 2589 721 2645 deterius
736 2589 808 2660 lapsi
826 2589 891 2644 siut.
931 2588 1097 2662 Quanquam

34 2682 90 2731 est
107 2675 235 2746 prolecto
252 2675 299 2730 ubi
318 2675 404 2730 solius
417 2673 446 2729 E
458 2675 550 2730 scriba
560 2674 647 2745 prisci
658 2675 720 2730 libri
733 2673 832 2730 ductus
844 2673 890 2730 vel
902 2681 1048 2730 assecutus
1062 2676 1098 2730 sit

36 2764 124 2814 recte
136 2759 184 2814 vel
199 2774 265 2813 cum
280 2759 416 2830 religione
427 2759 565 2829 plnxerit:
589 2759 703 2829 saepius
721 2759 798 2813 solus
809 2757 856 2814 hic
868 2758 937 2813 liber
950 2758 988 2812 ad
998 2760 1097 2814 Putea·
1174 2807 1179 2815 .

35 2844 93 2899 nei
104 2842 297 2913 Vossiaquue
316 2841 396 2912 (ΧΑ)
414 2843 573 2898 lestImonia
589 2841 674 2898 fidem
694 2842 830 2913 adiungit.
871 2841 1048 2914 Religionem
1066 2843 1097 2897 li·

36 2928 135 2984 brarii
162 2925 269 2998 pariter
294 2933 376 2997 atque
405 2927 601 2998 cognationem
626 2943 688 2981 cum
710 2919 887 2983 xnsscuvtt
914 2927 974 2980 rell.
996 2928 1096 2998 paucis

32 3011 186 3082 exempIIs
200 3010 359 3067 ostendam.
384 3011 458 3067 Libri
473 3011 565 3078 l,103‚
580 3015 599 3068 4
886 3075 891 3086 ‚

328 3093 462 3151 Riserunt
476 3094 576 3166 faciles
592 3101 619 3150 et
638 3095 757 3150 tribuere
774 3095 818 3149 dei

30 3179 169 3254 primum
187 3181 305 3235 verbum
326 3180 354 3233 iu
375 3179 528 3250 archetypo
547 3195 603 3232 nou
624 3179 692 3234 satis
710 3184 805 3248 aperte
824 3193 990 3248 expressum
1009 3179 1097 3234 luisse

34 3262 177 3320 videtur:
197 3279 263 3318 nam
278 3263 465 3331 Miserunt,
482 3263 516 3318 Χ
525 3263 678 3327 Auser-unt,
699 3263 750 3318 Ab
756 3261 907 3330 Miserunt,
926 3261 978 3316 Bc
985 3261 1097 3318 Hause-

32 3351 122 3409 ruat,
139 3345 199 3402 DN
212 3346 364 3402 Auxerunt
383 3346 529 3403 dederunt.
565 3353 591 3414 3,
602 3353 646 3415 20,
658 3347 733 3406 TAn
743 3348 771 3402 in
782 3347 849 3402 abiit
865 3347 894 3400 iu
904 3345 986 3399 ABE
995 3347 1023 3400 ln
1033 3347 1095 3408 Ani,

31 3431 82 3488 X
90 3430 150 3492 Aa·
167 3433 416 3499 10‚37,18moelc
433 3431 461 3484 in
475 3430 558 3486 XAE
566 3437 667 3491 mentm
685 3435 711 3495 3,
725 3435 769 3498 93,
785 3433 801 3488 7
815 3429 844 3482 Ε
853 3429 1049 3498 corcodrillus,
1068 3429 1101 3484 X

31 3514 238 3582 crocodrilros,
256 3513 329 3571 Aoo
338 3516 516 3577 cocodrillc33
532 3519 559 3583 8,
572 3520 597 3582 6,
611 3520 645 3572 ln
655 3513 818 3585 vicinasque
829 3527 934 3568 merum
945 3513 972 3564 in
986 3511 1041 3566 ΑΕ
1046 3529 1096 3583 pr.

34 3601 74 3658 B
90 3599 278 3669 aeternitasque
289 3613 403 3667 merum,
414 3600 450 3664 ¹iu
462 3598 494 3653 X
493 3597 516 3654 0
523 3597 675 3670 ebibitisquc
686 3612 804 3660 merum,
824 3596 870 3666 qui
882 3595 1043 3650 coniectura
1058 3597 1098 3647 lu·
