2460 3878
142 206 209 271 coo
471 207 514 268 m.
530 206 621 268 vnn.
638 169 862 267 munimus

585 408 749 471 LXXXVI.

227 520 324 580 Nemo
339 539 416 578 nova
431 518 523 579 caluit
538 521 582 580 sic
597 520 800 580 inflammatus
816 521 929 599 amica,

269 601 426 682 Flagravit
441 609 553 681 quanto
569 603 686 663 Laurus
701 621 805 663 amore
820 601 911 683 pilae.

233 687 294 747 Sed
312 688 364 765 qui
378 687 494 766 primus
510 692 578 746 erat
592 685 680 746 lusor
698 686 769 747 dnm
782 687 889 746 floruit
904 694 1007 768 aetas,

270 772 357 832 Nunc
372 777 533 850 postquam
551 769 633 830 desit
645 769 772 850 ludere,
794 771 892 851 prima
906 770 970 851 pila
984 779 1052 836 esi.

572 903 751 967 LXXXVII.

228 1020 381 1079 Octobres
396 1036 451 1096 age
465 1020 580 1078 sentiat
592 1018 746 1080 Kalendas

227 1101 365 1164 Facundi
378 1103 428 1181 pia
442 1102 538 1161 Roma
552 1101 708 1167 Restituti.

227 1185 353 1264 Linguis
368 1187 506 1246 omnibus
520 1195 553 1246 et
566 1186 667 1246 favete
682 1188 777 1262 votis3

228 1268 366 1330 Natalem
383 1267 525 1346 colimus,
547 1275 649 1329 tacete
663 1269 746 1332 lites.

207 1353 323 1414 sarsit
337 1371 446 1412 cerens
461 1353 539 1413 aridi
557 1352 696 1431 clientis,

228 1438 270 1498 Et
283 1438 351 1496 rani
367 1434 507 1516 triplices
522 1439 695 1516 brevesque
707 1455 834 1516 mappae

228 1522 402 1601 Expectent
416 1520 510 1599 gelidi
525 1522 609 1581 iocos
625 1521 811 1581 Decembris.

230 1606 361 1665 Certent
377 1607 554 1665 muneribus
572 1606 737 1668 beatiores.

229 1689 384 1767 Agrippae
400 1688 533 1749 tumidus
546 1691 721 1768 negotiator

189 1770 334 1835 rocadmt
349 1774 518 1852 municipes
532 1773 614 1833 ferat
627 1771 784 1846 lacernas;

228 1857 404 1934 Pugnorum
418 1876 490 1916 reus
505 1858 672 1935 ebriaeque
685 1857 784 1916 noctis

230 1941 396 2000 Cenatoria
411 1941 513 2000 mittat
528 1939 693 2014 advocato;

229 2023 374 2084 Infamata
387 2025 484 2083 virum
500 2020 604 2102 puella
618 2023 716 2083 vicit?

229 2107 329 2169 Veros
345 2107 568 2187 sardonychas,
591 2106 648 2167 sed
662 2108 728 2187 ipsa
745 2104 863 2180 tradat3

190 2191 360 2252 ltMirator
373 2199 512 2251 veterum
528 2210 622 2251 senex
636 2201 759 2250 avorum

228 2275 330 2334 Donet
345 2273 484 2335 Phidiaci
499 2281 638 2335 toreuma
653 2272 745 2352 caeli,
817 2283 819 2290 ⁴

228 2359 365 2420 Venator
376 2358 534 2439 leporem,
553 2358 678 2418 colonus
692 2356 839 2432 haedum,

230 2442 371 2502 Piscator
384 2444 467 2503 ierat
484 2461 651 2521 aequorum
666 2442 798 2520 rapinas.

230 2525 263 2584 Si
280 2526 376 2585 mittit
391 2546 446 2586 sua
463 2528 610 2606 quisque,
633 2525 707 2603 quid
720 2532 845 2604 poetam

73 2679 78 2690 Ι
186 2607 484 2688 continuarentur,
508 2611 680 2688 Restituto,
703 2606 829 2668 credis?

567 2742 756 2804 LXXXVIII.

228 2855 341 2916 Omnes
356 2856 554 2935 persequeris
569 2861 762 2936 praetorum,
785 2853 891 2930 Cotta,
913 2851 1046 2915 libellos

267 2940 390 3019 Accipis
405 2946 438 2999 et
452 2957 547 3000 ceras.
578 2938 743 2998 Officiosus
760 2935 851 2996 homo
866 2954 909 2996 ea.

583 3071 747 3133 LXXXIX.

232 3185 305 3246 iuno
319 3184 425 3261 labor,
445 3182 616 3264 Polyclito,
637 3190 708 3244 tuus
722 3191 755 3244 et
770 3181 869 3262 gloria
882 3179 975 3258 felix,

271 3269 437 3329 Phidiacae
453 3275 603 3347 cuperent
620 3268 708 3346 qnam
723 3267 1011 3342 meruissemus,

229 3351 292 3410 Ore
309 3353 390 3410 nitet
404 3355 506 3426 tanto,
530 3357 643 3428 quanto
661 3359 839 3430 superasset
853 3351 885 3409 in
901 3348 953 3410 ida

268 3432 371 3492 Iudice
386 3435 538 3492 convictas
552 3450 614 3491 non
630 3432 790 3493 dubitante
806 3433 888 3494 deas.
