2392 3888
277 262 618 323 EPIGRAMMATON
628 264 701 328 LIB.
715 267 793 328 Vlll.
997 263 1057 326 195

474 463 594 525 LXXV.

98 580 178 639 Dum
198 577 316 657 repetit
332 594 402 635 sera
417 575 585 636 conductos
600 584 692 637 nocte
706 583 836 658 penates

142 663 298 740 Lingonus
314 680 331 718 a
346 659 445 722 Tecta
458 658 671 738 Flaminiaque
686 679 812 738 recens,

98 743 227 825 Expulit
241 745 359 804 offenso
378 743 516 804 vitiatum
529 741 644 823 pollice
661 742 753 804 talum

141 829 184 898 Et
200 816 295 888 iaicuit
309 832 374 886 toto
391 845 522 906 corpore
537 827 622 887 lusus
635 829 730 889 humi.

76 911 183 989 5Quid
199 912 319 972 faceret
333 909 456 988 Gallus,
479 927 586 988 quase
601 912 720 970 ratione
736 913 897 972 moveret?

142 996 262 1074 lugenti
279 993 402 1053 domiuo
418 993 561 1054 servulus
574 1013 652 1054 unus
667 1000 751 1072 erat,

99 1079 177 1138 'Pam
190 1097 307 1155 macer,
328 1081 364 1136 ut
377 1078 531 1137 minimam
547 1084 656 1157 posset
669 1079 718 1138 vix
734 1078 822 1139 ferre
834 1076 1011 1140 lucernam:

143 1163 305 1222 Succurrit
317 1162 431 1221 misero
448 1180 535 1222 casus
556 1177 707 1239 opemque
721 1161 804 1224 tulit.

101 1246 254 1321 Quattuor
267 1244 411 1323 inscripti
425 1245 591 1324 portabant
603 1241 666 1303 vila
681 1243 826 1325 cadaver,

54 1341 88 1393 10
139 1329 264 1409 Accipit
277 1326 386 1387 infelix
401 1325 504 1406 qualia
518 1327 603 1387 mille
618 1347 720 1407 rugus.

96 1413 164 1471 llus
180 1430 282 1471 comcs
295 1409 446 1470 invalidus
461 1412 620 1472 ssummisa
631 1429 706 1470 voce
721 1419 883 1492 precatur,

141 1496 184 1556 Ut
201 1512 384 1574 quocunque
398 1493 510 1572 velint,
534 1513 646 1575 corpus
661 1495 752 1554 inane
765 1495 876 1556 lerant.
940 1537 951 1556 .

96 1579 297 1638 Permutatur
313 1597 389 1638 onus
402 1579 576 1656 stipataque
590 1576 711 1638 tollitur
726 1577 788 1637 alte

142 1661 278 1723 Grandis
292 1663 325 1720 in
340 1669 467 1740 ungusta
481 1663 600 1721 sarcina
615 1658 782 1741 sandapila.

47 1759 84 1809 15
93 1746 158 1806 Hic
173 1746 250 1805 mihi
264 1744 304 1804 de
318 1742 423 1804 multis
437 1763 532 1822 unus,
548 1745 689 1821 Lucane,
711 1743 850 1824 videtur,

141 1829 199 1889 cui
215 1830 326 1888 merito
342 1827 404 1888 dici
418 1835 562 1906 „mortue
577 1826 691 1889 Gallc“
706 1836 819 1908 potest.

472 1959 607 2034 LXXVI.

45 2092 54 2106 ·
92 2074 178 2152 „Dic
191 2091 298 2132 verum
312 2074 403 2151 mihi,
425 2074 549 2152 Marce,
572 2073 621 2133 dic
637 2077 759 2146 amab03

93 2155 151 2217 Nil
167 2164 229 2234 cst,
253 2155 336 2235 quod
351 2158 446 2236 magis
461 2156 580 2217 sudium
592 2156 762 2218 libenter.“

93 2241 151 2300 Sic
167 2247 200 2298 et
214 2259 282 2300 curn
296 2241 410 2300 recitas
424 2246 494 2300 tuos
508 2238 652 2318 libellos,

91 2325 139 2384 nt
153 2342 272 2382 causam
286 2325 429 2401 quotiens
445 2324 509 2402 agis
522 2321 660 2398 clientis,

66 2407 195 2483 50ras,
218 2405 353 2484 Gallice,
375 2425 424 2467 me
440 2425 592 2485 rogasque
607 2424 738 2485 semper.

91 2492 214 2552 Durum
229 2495 278 2549 ast
291 2508 340 2550 me
356 2491 428 2568 tibi,
449 2489 531 2568 quod
544 2490 641 2569 petia,
662 2507 786 2568 negare.

60 2641 65 2650 ⁸
89 2573 183 2636 Vera
195 2574 298 2632 verius
313 2591 387 2651 ergo
404 2572 477 2651 quid
494 2574 550 2650 sit,
573 2572 658 2632 audit

90 2658 231 2734 Verum,
253 2655 390 2733 Gallice,
413 2676 474 2716 uon
489 2655 626 2717 libenter
642 2654 743 2719 audiu'

459 2787 608 2852 LXXVII.
718 2830 722 2836 ·

86 2902 209 2978 Liber,
229 2900 394 2960 amicorum
409 2896 585 2959 dulcissima
599 2917 672 2958 cura
686 2905 824 2976 tuorum,

138 2983 251 3059 Liber,
273 2984 306 3043 in
321 2988 448 3043 aeterua
462 2983 566 3041 vivere
581 2980 673 3060 digne
688 2961 774 3058 rofi,

88 3069 129 3132 Si
144 3067 244 3145 sapis,
267 3066 394 3144 Assyrio
410 3083 533 3144 semper
548 3065 605 3124 tibi
620 3066 714 3124 crhris
730 3084 848 3125 amomo

139 3146 313 3229 Splendeat
324 3154 357 3209 et
374 3149 498 3226 cingant
511 3145 608 3208 florea
623 3154 706 3208 serta
721 3155 829 3228 caput3

57 3231 238 3304 5candida
252 3234 429 3312 nigrescant
443 3230 548 3291 vetulo
564 3231 710 3311 crystalla
725 3231 862 3292 Falerno

136 3318 181 3380 Et
194 3314 295 3376 caleat
310 3313 423 3376 blando
439 3314 540 3377 mollis
556 3334 660 3375 amore
676 3323 771 3375 torus.

84 3401 155 3482 Qui
174 3401 219 3459 sic
234 3399 283 3459 vel
297 3397 399 3460 medio
416 3398 521 3459 linitus
535 3399 610 3458 vixit
623 3400 656 3458 in
672 3416 763 3475 aevo,

134 3484 275 3561 Lonqur
289 3483 361 3545 huic
373 3482 455 3542 facta
469 3489 533 3560 est,
554 3500 644 3560 quam
658 3479 729 3540 data
742 3479 887 3623 vitrlsaipit
