2430 3894
152 175 212 240 loe
476 174 520 236 M.
535 175 627 237 VAL.
642 167 867 236 montionis

231 327 287 390 Sic
301 334 445 408 tanquam
460 324 540 386 nihil
555 326 669 386 oileras
684 343 825 406 agnoque.
852 329 856 338 '

236 411 271 473 Sl
285 413 355 472 novi
368 409 527 471 'domiuum
543 426 653 470 novem
668 428 827 486 sororum,

234 494 327 557 Ultro
343 511 533 576 purpureum
548 499 637 575 petet
650 490 798 553 libellum.

642 626 707 688 VH.

237 740 379 820 Qualiter
393 742 538 820 Assyrio·
553 746 703 800 renovant
717 739 862 801 incendia
875 739 982 818 nidor,

278 827 347 887 Una
362 824 470 885 decem
486 825 629 903 quotieua
645 821 766 884 caecula
779 825 855 884 vixit
870 824 946 902 avia,
1031 889 1033 892 Α

238 908 361 970 Taliter
377 915 467 969 exuta
482 914 531 968 est
545 913 685 968 veterem
698 923 777 967 nova
791 904 888 967 Roma
902 914 1066 968 senectam

279 994 322 1053 lit
337 993 467 1072 rumpoit
479 990 581 1052 voltus
595 989 750 1071 praecidio
764 992 831 1072 ipra
848 991 903 1052 sui.

240 1079 301 1138 lam
314 1096 428 1156 precor
443 1073 559 1136 oblitua
573 1080 715 1151 nostrae,
736 1074 893 1151 Volcano,
916 1071 1072 1153 querelae

278 1160 393 1220 l'arce:
415 1178 518 1221 sumna
532 1158 644 1219 Martia
658 1159 765 1236 turba,
787 1157 844 1218 sed
859 1163 892 1217 et
907 1157 1062 1220 Venerio:

236 1244 352 1321 Parce,
373 1249 478 1323 pater:
495 1243 540 1302 cic
555 1241 727 1302 Lemniacis
741 1240 856 1301 lasciva
871 1242 989 1301 catenis

278 1326 420 1405 lgnorcnt
434 1328 565 1387 coniunx
581 1331 613 1385 et
627 1326 783 1404 patienter
800 1331 889 1386 amet.

632 1474 708 1568 vni.

158 1547 198 1608 ’Ἀ
238 1549 382 1662 Elictum
396 1586 512 1649 domini
527 1586 640 1667 deique
655 1589 771 1661 nostri,

227 1664 306 1828 ssuo
322 1669 469 1731 nubrellia
482 1672 619 1731 certiora
631 1668 710 1730 fiunt

262 1759 387 1844 tpuroa
402 1772 499 1832 cquea
516 1751 642 1814 ordiner
656 1754 794 1834 recepit,

235 1837 316 1900 llum
334 1836 441 1898 laudat
455 1837 546 1898 modo
561 1837 669 1898 Phasis
683 1839 716 1898 in
730 1837 870 1916 theatro,

217 1921 349 1982 5Phaain
363 1924 529 2003 purpurei·
545 1922 640 1981 ruber
653 1919 804 1998 lacernis,

93 2019 103 2082 j
234 1988 280 2084 lit
293 2006 387 2066 iactat
400 2004 518 2066 tumido
534 2006 685 2084 superbus
701 2021 772 2063 ore:

87 2095 99 2110 “’
112 2105 116 2109 ’
127 2089 157 2112 “·
238 2087 400 2164 „Tandem
417 2086 604 2148 commodius
618 2087 695 2148 licet
708 2085 837 2163 sedere,

229 2161 327 2254 lisano
341 2179 390 2234 eat
403 2170 526 2232 reddita
542 2170 674 2249 dignitas
690 2171 862 2250 equestris;

238 2243 271 2320 ff
269 2257 346 2317 urba
359 2276 422 2317 non
435 2257 619 2336 premimur,
641 2273 700 2315 uec
716 2251 948 2334 inquinamur:“

198 2329 324 2420 tollaec
339 2346 372 2400 et
385 2339 460 2400 talia
475 2338 546 2399 dum
561 2339 662 2399 rciert
676 2340 819 2418 rupinus,
837 2398 841 2406 ,

228 2403 310 2494 „illas
324 2441 495 2504 purpurea·
511 2431 543 2483 et
559 2430 740 2501 arrogantes
797 2417 811 2494 j

103 2559 128 2592 χ,
226 2493 330 2590 ,Iuaait
344 2523 473 2584 surgere
486 2507 593 2566 Leitus
610 2505 760 2565 lacernas.

646 2637 698 2700 lli.

240 2748 450 2828 Languebam:
472 2748 529 2810 aed
542 2757 574 2810 tu
590 2753 750 2810 comitatus
764 2751 907 2830 protinus
924 2749 963 2809 ad
979 2769 1031 2811 me

281 2833 404 2895 Venisti
421 2839 560 2912 centum,
583 2833 779 2913 symmache,
802 2829 970 2912 discipulis.

240 2915 372 2977 (lentum
387 2936 435 2979 me
450 2919 584 2996 tetigere
599 2934 704 2977 manus
720 2911 865 2996 aquilone
878 2913 1018 2992 gelatae:

282 3001 349 3059 Non
364 3001 457 3061 habui
471 3001 611 3080 febrem,
633 3001 829 3080 symmache,
851 3017 932 3058 nunc
945 2999 1063 3064 habeo.

655 3133 692 3197 x.

239 3243 318 3306 ane
333 3244 408 3324 quid
423 3246 482 3306 hoc
498 3244 614 3322 dicam,
629 3246 704 3305 vivis
721 3241 802 3326 qnod
817 3245 897 3303 lama
911 3252 1050 3322 negatur

282 3326 323 3386 Et
340 3347 393 3388 aua
415 3327 498 3407 quod
513 3347 600 3388 rarus
613 3333 756 3409 tempora
769 3325 871 3387 lector
886 3323 993 3387 amat?

240 3408 281 3466 Hi
298 3417 369 3467 aunt
383 3409 518 3469 invidiae
534 3411 692 3486 nimirum,
712 3408 852 3488 Regule,
874 3428 995 3487 morea,
