2426 3900
329 187 670 276 urrunnmmn'ron
682 215 756 277 nur.
771 217 819 277 nr.
1056 218 1095 284 77

136 366 220 445 Quid
234 368 280 427 vis
294 385 362 444 mc,
383 386 479 446 rogo,
502 367 646 444 Phoebe,
669 369 841 448 suspicari?

135 450 269 512 Mollem
285 449 416 511 credere
430 459 462 510 te
476 451 573 511 virum
588 448 744 528 volebam,

114 534 203 598 aseri
217 555 324 595 rumor
337 542 431 613 negat
445 553 514 594 esse
529 544 561 594 te
578 533 748 630 cinaedum.

510 667 643 731 LXXIV.

134 765 293 827 Psilothro
308 766 418 826 Inciem
432 764 517 826 levas
532 773 565 827 et
580 766 714 848 dropace
730 769 853 830 calvam.

179 848 334 929 Numquid
348 856 524 929 tonsorem,
546 851 742 930 Gargiliane,
753 854 877 914 times?

137 933 220 1010 Quid
234 935 352 995 facient
364 935 504 1012 ungues?
523 954 594 994 nam
608 943 696 996 certe
711 956 773 997 non
790 944 880 1017 potes
894 935 968 997 illos

178 1017 309 1094 ltesinc,
330 1018 453 1080 Veneto
468 1035 527 1077 uec
544 1037 689 1079 resecare
705 1017 783 1080 Iuto.

113 1102 269 1179 wasme,
292 1103 319 1160 si
333 1101 433 1181 pudor
449 1107 513 1178 est,
532 1103 674 1162 miseram
687 1103 854 1165 traducere
868 1103 997 1165 calvam:

177 1185 246 1245 IIoc
262 1185 333 1245 lieri
349 1205 465 1264 cunno,
487 1183 683 1265 GargiIiane,
705 1184 795 1250 solet.

514 1319 636 1381 LXXV.

134 1415 243 1496 Stare,
264 1416 423 1498 Luperce‚
444 1419 502 1478 tibi
517 1420 577 1478 iam
591 1417 713 1498 pridem
727 1414 976 1502 herculanam,

176 1501 319 1561 Luctaris
334 1501 462 1562 demens
477 1508 626 1562 tutamen
642 1505 790 1582 arrigere.

133 1584 198 1644 Sed
211 1583 292 1644 nihil
310 1603 422 1645 erucae
437 1586 557 1646 fuciunt
571 1585 718 1665 bulbique
732 1585 865 1668 salaces,

182 1669 324 1748 Improba
338 1686 397 1728 nec
412 1676 544 1749 prosunt
559 1671 617 1730 ianr
633 1672 769 1732 satureia
783 1673 849 1734 tibi

110 1751 278 1833 50oepIsti
292 1772 385 1833 puras
401 1755 510 1833 opibus
525 1773 725 1835 corrumpere
738 1757 865 1817 buccas:

175 1836 227 1900 Sic
244 1855 366 1915 quoque
381 1856 443 1895 non
456 1839 530 1898 vicit
549 1837 714 1898 sollicitata
727 1839 843 1902 Venus.

131 1919 245 1980 Mirari
259 1921 333 1980 satis
347 1921 407 1980 hoc
423 1921 581 2000 quisquam
596 1922 646 1983 vel
662 1923 794 1983 credere
811 1925 926 2005 possit,

175 2002 265 2078 Quod
279 2022 340 2063 non
356 2009 433 2080 stat,
456 2024 563 2083 magno
579 2012 678 2084 stare,
699 2008 859 2088 Luperce,
880 2009 937 2069 tibi
945 2009 966 2068 2·

511 2139 646 2200 LXXVI.

131 2235 255 2312 Arrigis
271 2233 309 2294 ad
324 2231 458 2313 vetulas,
478 2234 614 2310 fastidis,
636 2238 747 2314 Basse,
768 2238 903 2317 puellas,

174 2319 241 2379 Nee
254 2317 390 2378 formosa
404 2319 478 2396 tihi,
501 2317 558 2378 sed
573 2320 722 2378 moritura
736 2319 849 2400 placet.

131 2403 203 2479 IIic,
219 2421 305 2480 rogo,
318 2421 380 2462 non
393 2403 482 2463 furor
493 2408 553 2479 est,
566 2423 628 2462 nou
640 2403 718 2462 haec
731 2412 780 2464 est
791 2403 928 2464 mentula
941 2404 1067 2470 demens

175 2487 251 2546 Cum
264 2487 365 2566 possis
380 2487 549 2564 Hecaben,
571 2506 632 2546 non
645 2494 735 2565 potes
749 2488 1001 2549 Andromachen!

495 2600 645 2664 LXXVII.

131 2696 197 2758 Nec
211 2695 342 2775 mullus,
364 2716 423 2757 uec
438 2704 471 2758 te
488 2698 640 2776 delectat,
661 2700 805 2778 Baetice,
826 2701 952 2778 turdus,

173 2780 239 2840 Nec
253 2779 344 2861 lepus
359 2787 407 2842 est
423 2801 572 2861 unquam,
593 2800 653 2842 nec
663 2783 724 2842 tibi
737 2790 844 2860 gratus
857 2805 949 2866 sper;

129 2864 244 2924 Necte
259 2864 324 2924 liba
336 2865 459 2942 iurant,
482 2885 541 2926 nec
556 2873 660 2926 sectae
676 2865 792 2944 quadra
805 2866 985 2946 placentae,

172 2947 239 3008 Nec
252 2949 352 3027 Libye
367 2950 480 3026 mittit,
502 2969 561 3010 nec
575 2951 634 3010 tibi
647 2950 757 3009 Phasis
774 2969 859 3012 aves:

107 3033 288 3113 tcapparin
304 3041 339 3092 et
352 3035 437 3113 putri
453 3053 544 3113 cepas
558 3033 680 3094 hallece
695 3041 837 3096 nutantes

171 3117 214 3176 nt
225 3115 350 3197 pulpam
365 3116 458 3178 dubio
474 3117 514 3178 de
528 3126 676 3199 petasone
692 3139 797 3199 voras,

130 3199 242 3280 Teque
256 3203 362 3262 iuvant
376 3219 485 3280 gerres
501 3211 533 3263 et
548 3201 633 3281 pelle
651 3203 832 3284 melandrya
847 3225 937 3281 cana,

172 3285 320 3346 Resinata
334 3287 416 3348 bibis
429 3288 517 3365 vIna,
538 3287 672 3348 Falerna
685 3289 776 3366 fugis.

128 3368 243 3431 Nescio
261 3369 344 3450 quod
358 3373 509 3432 stomachi
523 3374 629 3433 vitium
645 3373 797 3432 secretius
811 3389 881 3431 csse

86 3463 120 3514 10
170 3453 335 3535 Suspicor:
356 3463 392 3517 ut
410 3457 484 3534 quid
499 3459 596 3534 enlm,
619 3457 762 3532 Raetice,
783 3453 1006 3535 saprophagis‘t
