2392 3888
507 232 551 293 M.
566 232 657 294 VAL.
674 233 907 296 MAllTlALlS

665 435 746 497 xlx.

268 549 391 628 Pauper
404 547 505 609 videri
521 549 619 609 Giuua
634 547 714 621 volt3
734 558 767 609 et
782 556 831 608 est
843 565 974 630 pauper.
1016 553 1023 566 '

671 683 738 742 XX.

269 781 346 844 (lum
360 782 454 842 facias
468 799 576 842 versus
590 780 677 841 nulla
692 802 755 841 nou
769 781 842 842 lucc
851 782 1012 861 «ducenos,

310 866 409 943 Varc,
430 865 507 925 nihil
522 867 646 928 recitas.
677 867 745 925 Nou
762 869 859 947 sapis,
882 869 1081 948 atquesapia.

665 999 745 1060 XXI.

266 1077 468 1179 Phcsllhorc,
490 1096 589 1158 redde
604 1097 700 1158 diem:
723 1097 800 1176 quid
812 1096 923 1175 gaudia
936 1106 1046 1162 nostra
1057 1099 1165 1162 montisi

311 1185 445 1244 Caesare
459 1188 607 1260 venturo,
630 1183 829 1261 Phosphorc,
852 1180 951 1242 redde
968 1183 1060 1248 diem.

268 1268 363 1327 llcma
377 1272 474 1344 rogat.
505 1264 624 1326 Placidi
638 1265 787 1345 numquid
801 1273 833 1325 te
847 1267 936 1346 pigra
951 1267 1068 1330 Bootae

310 1349 452 1410 Plaustra
466 1350 597 1428 vehunt,
617 1349 705 1410 lento
721 1349 804 1428 quod
817 1351 908 1410 nimis
924 1370 981 1411 axe
996 1357 1097 1414 veniri

246 1433 391 1497 5Ledaeo
406 1440 532 1514 poteras
548 1434 702 1495 abducere
718 1432 865 1512 Cyllaron
880 1441 982 1495 astro:

310 1519 380 1598 lpse
396 1537 450 1578 suo
467 1517 560 1578 cedet
574 1539 655 1578 nuuc
671 1519 729 1578 tibi
744 1519 855 1592 Castor
870 1537 960 1596 equo.

269 1603 349 1678 Quid
368 1601 511 1682 cupidum
528 1603 640 1662 'l'itaua
655 1602 766 1661 tenes?
792 1602 853 1660 lam
867 1603 1009 1664 Xanthus
1026 1611 1058 1663 et
1070 1601 1160 1662 Aethon

309 1687 413 1746 Frena
426 1684 550 1762 volunt,
572 1685 680 1765 vigilat
694 1687 870 1746 Memnoni
878 1685 963 1746 alma
978 1706 1096 1768 pareus.

269 1769 373 1829 Tarda
388 1775 490 1828 tamen
505 1769 623 1831 nitidae
637 1791 699 1830 uon
714 1769 829 1830 cedunt
843 1768 948 1852 sidera
963 1771 1029 1832 luci

227 1863 262 1916 10
309 1853 352 1913 Et
369 1854 454 1932 cupit
469 1856 638 1914 Ausonium
652 1852 726 1914 luna
738 1852 846 1913 videre
861 1853 981 1916 ducem.

267 1937 344 2013 lam,
365 1938 496 2014 caesar,
518 1937 568 1998 vel
582 1945 674 1998 nocte
689 1939 784 2000 venia
796 1945 882 1998 stent
896 1946 982 1999 astra
994 1939 1112 2014 licebit,

248 2061 252 2070 »
309 2021 378 2082 Nou
394 2020 497 2081 deerit
512 2020 627 2102 populo
643 2030 675 2081 tc
689 2015 838 2082 veuicute'
849 2021 926 2082 dier.

568 2139 570 2144 '
661 2155 752 2216 xxu

270 2268 382 2328 luvitas
398 2266 436 2327 ad
451 2288 573 2347 aprum,
595 2269 685 2348 ponis
700 2269 790 2345 mihi,
810 2266 947 2346 Gallice,
969 2286 1103 2348 porcum.

310 2350 443 2412 Hibritla
458 2369 541 2430 aum,
564 2353 590 2412 si
606 2351 676 2431 das,
698 2350 835 2430 Gallice,
855 2354 949 2412 verba
962 2353 1049 2412 mihi.

657 2487 763 2548 XXlll.

267 2587 345 2646 Esse
361 2587 418 2646 tibi
432 2585 540 2646 videor
556 2605 663 2647 saevus
679 2589 866 2665 nimiumque
882 2584 1023 2663 gulosus,

311 2669 370 2746 Qui
384 2677 515 2750 propter
530 2690 651 2749 cenam,
672 2671 815 2750 Rusticc,
839 2669 934 2729 caedo
950 2680 1068 2731 cocum.

269 2754 302 2814 Si
317 2752 395 2813 levis
409 2755 469 2814 ista
484 2755 542 2815 tihi
557 2757 722 2834 flagrorum
739 2775 828 2815 causa
842 2753 982 2830 videtur,

309 2839 356 2900 Ex
374 2859 432 2918 qua
448 2840 492 2898 vis
508 2858 598 2898 caasa
610 2838 736 2919 vapulet
751 2858 825 2917 ergo
842 2839 958 2898 cocus?

548 3018 555 3030 .
671 2973 783 3036 XXIV.

269 3070 300 3130 Si
321 3071 394 3148 quid
408 3072 492 3131 forte
507 3077 610 3151 petam
624 3069 733 3130 timido
747 3069 917 3149 gracilique
931 3067 1060 3147 libello,

310 3155 453 3233 improba
468 3174 529 3214 non
547 3155 645 3215 fuerit
660 3157 685 3214 si
700 3155 907 3232 macellaria,
930 3154 1011 3216 dato.

268 3237 349 3298 Etsi
364 3257 426 3297 nou
442 3237 584 3317 dederis,
608 3241 738 3316 Caesar,
760 3240 908 3318 permitte
922 3241 1040 3317 rogari:

311 3322 483 3380 Offendunt
496 3342 652 3400 nunquam
667 3331 736 3382 tura
750 3342 924 3404 precesque
940 3324 1050 3384 lovem.

248 3403 329 3476 5Qui
343 3405 433 3478 fingit
448 3423 551 3463 sacros
567 3425 641 3464 auro
657 3405 706 3464 vel
722 3425 875 3465 marmore
890 3407 1007 3478 voltus,

309 3485 377 3542 Non
393 3487 468 3543 facit
482 3485 536 3544 ille
552 3485 643 3546 deos:
665 3492 715 3566 qui
733 3497 837 3566 rogat,
860 3489 915 3549 ille
930 3491 1013 3550 facit.
