2392 3888
306 196 647 258 numennumen
657 198 731 260 mc.
746 163 796 262 m.
1009 205 1071 270 sos

154 348 357 412 Mandassent
370 348 509 408 manibus
524 346 634 427 gaudia
646 349 740 410 foeda
754 353 825 412 suis.

110 436 209 516 lpsam
224 431 319 493 crede
334 432 392 491 tibi
407 437 546 492 naturam
564 429 670 492 dicere
686 452 805 494 rerum:

70 531 104 582 10
150 515 258 597 „Istud
273 513 355 595 quod
370 513 491 594 digitis,
512 516 660 595 Pontice,
682 517 808 598 perdis,
829 520 921 581 homo
937 526 1018 585 est.“

355 710 358 718 ι
500 649 592 712 XLll.

113 765 238 845 Campis
253 763 338 824 dives
352 761 467 843 Apollo
483 765 527 824 sic
542 765 685 842 marinis,

111 849 164 910 Sic
178 867 301 927 semper
315 849 441 907 senibus
455 847 561 908 fruare
578 849 701 927 cygnis,

110 932 226 993 Doctae
241 933 287 992 sic
300 931 358 992 tibi
374 934 511 992 serviant
524 949 666 1010 sorores,

108 1017 174 1076 Nec
188 1012 319 1095 Delphis
333 1021 385 1076 tua
399 1015 566 1076 mentiatur
581 1013 656 1094 ulli,

90 1099 167 1163 bSic
179 1099 296 1159 Palatia
310 1105 343 1159 te
358 1097 463 1158 colant
477 1105 657 1178 amentque:

109 1185 162 1242 liis
179 1201 270 1243 senos
285 1184 347 1242 cito
360 1190 395 1242 te
409 1189 539 1261 rogante
552 1183 654 1242 fasces

108 1268 171 1327 Det
183 1259 301 1328 Stellae
315 1269 413 1327 bonus
429 1272 603 1345 annuatque
620 1267 744 1328 Caesar.

107 1349 200 1412 Felix
213 1358 287 1411 tunc
302 1369 360 1430 ego
376 1349 561 1429 debitorque
576 1351 640 1411 voti

58 1469 62 1480 ι
109 1435 258 1496 Casurum
271 1435 330 1495 tibi
346 1435 477 1494 rusticas
492 1434 529 1494 ad
545 1453 612 1494 aras

73 1518 224 1582 lollucam
239 1519 385 1579 cornibus
400 1519 501 1579 aureis
516 1519 687 1578 iuvencum.

107 1602 187 1664 Nata
201 1607 250 1663 est
263 1602 381 1680 hostia,
401 1603 546 1676 Phoebe3
570 1600 644 1681 quid
656 1601 810 1662 moraris?
871 1630 873 1634 ·

494 1735 598 1796 XLlll.

108 1850 171 1910 Hic
188 1849 239 1928 qui
254 1849 331 1909 dura
345 1847 458 1910 sedens
472 1854 619 1930 porrecto
634 1869 704 1910 saxa
718 1847 811 1910 leone

150 1934 277 2012 Mitigat
293 1934 401 2012 exiguo
416 1952 542 2011 magnus
556 1934 588 1993 in
604 1951 677 1993 aere
692 1931 786 2012 deus,

109 2017 258 2096 Quaeque
270 2015 359 2096 tulit,
382 2022 502 2096 spectat
518 2018 665 2098 resupino
680 2015 784 2078 sidera
797 2016 900 2100 voltu,

151 2099 246 2160 Gaius
260 2098 349 2160 laeva
362 2099 444 2161 calet
458 2103 589 2180 robore,
612 2099 720 2161 dextra
732 2119 835 2161 mero:

86 2184 178 2248 bNou
196 2191 244 2245 est
258 2185 339 2245 fama
351 2203 463 2246 recens
478 2203 536 2244 uec
550 2185 651 2244 nostri
665 2184 764 2262 gloria
779 2184 875 2262 caeli;

150 2265 264 2328 Nobile
278 2267 407 2350 Lysippi
422 2287 531 2328 munus
546 2286 684 2347 opusque
701 2266 796 2328 vides.

107 2350 178 2412 Hoc
193 2352 302 2412 habuit
314 2370 427 2412 nmuen
442 2351 562 2413 Pellaei
577 2369 682 2411 mensa
698 2353 839 2431 tyranni,

149 2435 210 2511 Qui
225 2437 286 2497 cito
300 2435 477 2516 perdomito
491 2437 591 2496 victor
606 2437 639 2496 in
655 2436 730 2495 orbe
748 2436 838 2498 iacet.

105 2519 199 2580 Hunc
212 2538 291 2599 puer
306 2519 344 2580 ad
358 2520 489 2599 Libycas
506 2522 661 2580 iuraverat
674 2518 830 2580 Hannibal
845 2542 928 2598 aras3

63 2613 100 2666 10
148 2603 285 2664 iusserat
297 2604 350 2664 bic
364 2603 480 2664 Sullam
494 2622 613 2684 ponere
631 2621 726 2682 regna
741 2610 870 2668 trucem.

105 2686 252 2748 Offensus
267 2688 370 2747 variae
383 2687 509 2748 tumidis
524 2689 698 2748 terroribus
713 2686 801 2749 aulae

149 2771 290 2832 Privatos
304 2769 419 2850 gaudet
429 2791 511 2831 nunc
525 2773 666 2831 babitare
681 2769 773 2833 lares.

105 2853 213 2933 thue
227 2854 288 2916 fuit
305 2854 458 2935 quondam
472 2852 588 2935 placidi
605 2855 730 2914 conviva
744 2853 920 2938 Molorchi,

149 2937 202 2996 Sic
219 2939 317 2999 voluit
332 2937 415 2998 docti
431 2938 572 3001 Vindicis
587 2957 657 2998 esse
672 2936 760 3002 deus.

493 3069 609 3136 xciv(

103 3185 240 3248 Alciden
254 3187 346 3248 modo
363 3188 527 3251 Vindicem
541 3193 685 3268 rogabam

102 3270 201 3332 Esset
215 3273 301 3332 cuins
316 3291 393 3353 opus
408 3271 560 3351 laborque
574 3272 660 3334 ielis.

102 3353 205 3432 Risit,
226 3374 295 3416 uam
310 3354 394 3418 solet
408 3359 484 3436 boc,
503 3356 626 3438 levique
645 3364 722 3418 nutu

101 3437 250 3516 „Graece
266 3439 436 3520 numquid“
451 3443 494 3501 ait
508 3447 640 3520 „poeta,
663 3440 789 3501 nescis?

103 3521 215 3583 Maec.
824 3522 864 3584 14
