2426 3900
128 201 170 263 26
452 199 496 260 Μ.
511 199 603 261 VAL.
621 197 850 258 MARTIALIS

215 350 360 412 Grndent
373 352 496 409 incente
511 349 607 408 Canio
623 367 677 408 ann
693 347 816 425 Gades,

173 448 207 498 10
257 435 396 494 Emerita
409 434 546 493 Deciano
561 449 647 490 men:

215 519 280 594 Te,
302 518 478 593 Liciniana,
498 516 681 594 gloriabitur
695 521 816 592 neutra,

256 602 321 662 Nec
336 617 384 659 me
397 601 515 660 tacebit
529 596 662 658 Bilbilin.

608 731 699 790 LXII.

216 850 309 909 Grata
324 866 382 906 nec
397 845 530 924 antiquis
546 842 661 903 cedens
674 842 807 901 Laevina
821 841 944 904 Salluis

256 933 299 991 Et
312 931 447 1010 quamvis
461 929 575 988 tetrico
587 928 709 986 tristior
723 926 789 1005 ipsa
803 927 869 985 vlro

215 1016 295 1076 llum
309 1013 400 1075 modo
414 1013 566 1088 Lucrina,
589 1009 680 1068 modo
696 1025 731 1068 se
746 1011 901 1088 permittit
914 1011 1059 1091 Averno,
1201 929 1204 1140 l

258 1101 299 1158 lit
313 1098 384 1157 dnm
398 1097 521 1156 Baianis
536 1111 630 1173 caepe
645 1093 768 1152 fovetur
782 1094 886 1171 aquic,

196 1182 331 1244 51ncidit
343 1183 377 1239 in
391 1182 526 1240 flammea
543 1180 747 1256 iuvenemque
761 1184 868 1236 necnta
885 1174 999 1238 relletc

258 1266 397 1342 Coniuge
411 1261 571 1342 Penelope
587 1261 688 1336 venit,
711 1259 775 1319 anit
789 1257 925 1323 Helene.

598 1393 702 1454 LXIII.

215 1509 258 1571 Ut
274 1510 404 1569 recitem
418 1509 476 1568 tibi
489 1515 595 1567 nostra
608 1523 699 1584 rogas
713 1505 940 1583 epigrammate.
975 1505 1067 1566 Nolo.
1203 1501 1204 1516 ¹

257 1593 326 1653 Non
340 1591 466 1670 andire,
488 1590 600 1666 Celer,
623 1587 679 1647 sed
693 1588 830 1646 renitere
844 1590 939 1669 cupis.

601 1720 709 1783 LXIV.

216 1837 304 1898 Bella
316 1854 367 1914 es,
389 1838 543 1912 novana,
565 1841 597 1894 et
615 1831 738 1914 puella,
756 1850 863 1892 rernm
878 1841 945 1911 cst,

215 1922 258 1980 Elt
271 1919 371 1995 dives,
390 1921 458 1998 quis
474 1921 556 1979 enirn
569 1923 676 1999 potest
689 1917 828 1994 negare?

217 2003 364 2064 Sericum
380 2010 413 2063 te
427 2005 569 2078 nimium,
590 2000 734 2076 Fabulla,
754 1997 881 2077 laudas,

216 2088 281 2148 Nec
299 2086 385 2148 dive·
399 2105 502 2166 neque
518 2085 600 2147 bella
616 2102 674 2145 nec
689 2081 794 2164 pnella
808 2103 851 2144 ea.

610 2219 705 2283 LXV.

174 2334 251 2396 cum
266 2334 328 2396 dixi
343 2335 436 2412 ficus,
457 2333 544 2394 rides
561 2333 646 2408 qnasi
660 2333 791 2392 barbara
804 2332 899 2390 verba

215 2419 257 2479 Iit
272 2419 441 2494 dialtione,
464 2417 658 2491 caeciliane,
679 2417 776 2474 iubes.

174 2501 317 2562 Diccmnn
333 2502 426 2576 licnn,
450 2520 524 2578 quaa
540 2502 652 2559 scimus
666 2500 698 2558 in
713 2501 825 2560 arbore
839 2497 938 2572 narei,

216 2585 358 2644 Dicemus
372 2585 464 2658 licon,
486 2582 677 2656 caeciliane,
699 2588 778 2642 tnnc.

594 2728 704 2789 LXVI.

215 2842 310 2901 Erras
325 2860 462 2901 meorum
478 2842 527 2900 fnr
542 2860 631 2901 avare
644 2840 815 2917 librorum,

215 2925 301 2984 Ilicri
316 2932 439 3005 poetam
453 2943 545 3005 posse
561 2927 614 3003 qul
628 2932 718 3004 putas
731 2931 840 3000 tanto,

217 3008 377 3087 ScrIptnra
394 3011 500 3087 quanti
516 3015 637 3068 constat
654 3015 687 3067 et
701 3015 802 3067 tamna
817 3005 899 3070 vilic.

215 3093 284 3151 Non
299 3111 352 3151 nex
368 3098 493 3172 paratur
508 3100 560 3151 aut
575 3090 684 3151 decem
698 3093 814 3170 sophos
829 3090 977 3150 nummis:

194 3175 347 3238 asecreta
361 3193 476 3254 quaere
491 3177 627 3235 carmIna
642 3181 675 3234 et
688 3175 783 3234 rudes
799 3193 888 3234 cnm

217 3260 297 3335 Quas
313 3261 398 3319 novit
411 3278 489 3319 unna
504 3260 684 3336 scrinioque
700 3261 835 3336 algnatar

217 3342 362 3403 Gnntodit
375 3343 444 3423 ipre
461 3344 590 3420 virginis
604 3349 695 3422 pater
710 3345 856 3417 chartae,

216 3427 301 3503 Quae
316 3428 389 3485 trita
404 3426 482 3486 duro
497 3445 560 3485 non
577 3427 734 3487 inhorruit
749 3431 863 3486 mento.
