2474 3906
128 266 166 351 ,⁸2
466 264 509 325 M.
526 263 616 324 VAL.
635 261 863 342 MARTlALlS

229 419 326 481 Venit
341 420 377 477 ab
393 417 519 496 Orpheo
534 415 633 475 cultor
647 414 846 495 Rhodopeius
861 417 997 495 Haemo,

271 503 367 563 Venit
381 508 414 561 et
429 507 522 580 epoto
539 500 677 560 Sarmata
689 506 793 579 pastus
809 519 906 580 equo,

207 589 271 649 alit
282 588 335 666 qui
346 587 446 665 prima
459 585 537 644 bibit
549 582 695 663 deprensi
710 585 835 644 flumina
846 583 926 662 Nili,

270 671 311 730 ut
323 689 413 748 quem
426 686 587 749 supremae
602 667 742 746 Tethyos
757 667 941 744 uudaferit;
1005 718 1009 724 .

228 755 399 816 Festinavit
414 753 529 830 Arabs,
550 753 738 812 festinavere
751 751 877 830 Sabaei,

270 839 313 900 Et
328 838 441 898 Cilices
459 839 569 897 nimbis
585 837 636 895 hio
649 834 795 895 maduere
809 838 880 897 suis.

231 925 376 987 Crinibus
390 924 423 981 iu
435 921 549 982 nodum
565 921 640 980 torti
654 919 950 997 reuereSicambri,

190 1019 224 1072 10
273 1009 375 1085 Atque
387 1005 478 1067 aliter
492 1007 584 1065 tortis
601 1005 736 1064 crinibus
750 1006 930 1084 Aethiopes.

231 1093 298 1154 Vox
314 1089 435 1150 diversa
449 1096 538 1150 sonat
551 1087 751 1169 populorum,
767 1094 832 1148 tum
846 1096 949 1148 tamen
961 1106 1022 1147 una
1036 1094 1105 1168 est,

273 1175 349 1237 Cum
364 1193 454 1234 verus
469 1173 587 1254 patriae
604 1171 718 1232 diceris
733 1190 802 1232 esse
816 1179 915 1254 pater.

640 1308 696 1368 IV(

233 1426 339 1486 Turba
357 1426 456 1505 gravis
470 1427 538 1506 paci
554 1423 755 1504 placidaeque
770 1425 892 1484 inimica
907 1425 1022 1503 quieti,

275 1511 359 1586 Quae
374 1529 496 1590 semper
511 1510 639 1569 miseras
656 1507 843 1568 sollicitabat
856 1527 948 1588 opes,

233 1595 363 1655 Tradita
378 1592 535 1672 Gaetulis,
550 1612 608 1652 neo
623 1594 707 1673 cepit
721 1595 838 1652 harena
851 1597 1019 1652 nocentes:

271 1680 315 1739 ut
331 1679 453 1740 delator
468 1681 562 1738 habet
577 1677 658 1755 qnod
674 1677 765 1737 dabat
779 1675 910 1739 exilium.

231 2016 343 2080 Exulat
358 2017 493 2076 Ausonia
506 2015 654 2095 profugas
671 2013 791 2074 delator
806 2015 842 2073 ab
854 2015 946 2074 urbe:

273 2103 359 2162 Haec
373 2100 451 2160 licet
463 2100 611 2179 impensis
624 2099 774 2179 principis
789 2116 980 2158 annumeres.

645 2233 691 2315 u

28 2355 129 2434 :pasin
140 2363 215 2416 iim
229 2357 368 2416 iunctam
384 2354 556 2434 Pasiphaen
572 2353 698 2412 Dictaeo
714 2350 833 2411 credite
847 2356 951 2410 tauro:

57 2469 103 2516 ῃ..
275 2439 432 2514 Vidimus,
451 2439 571 2517 accepit
584 2434 688 2496 fabula
700 2437 802 2516 prisca
817 2433 919 2496 iidem.

230 2523 257 2583 N
261 2540 297 2582 ec
312 2541 345 2581 re
360 2523 506 2596 miretur,
521 2521 652 2597 Caesar,
669 2518 816 2598 longaeva
832 2523 982 2578 vetustas:

277 2603 432 2682 Quidquid
445 2603 525 2662 fama
540 2604 637 2680 cauit,
657 2609 795 2683 praestat
809 2603 925 2662 harena
939 2601 1005 2660 tibi.

636 2738 687 2799 Vl.

233 2853 374 2934 Belliger
388 2856 510 2915 invictis
526 2853 607 2932 quod
621 2855 707 2916 Mars
720 2856 777 2914 nui
795 2855 891 2914 servit
906 2855 938 2912 in
955 2852 1062 2930 armis,

273 2941 341 3000 Nou
357 2941 429 2999 satir
444 2946 507 3017 est,
529 2940 659 3018 Caesar,
680 2940 775 2999 servit
789 2939 900 3018 etipsa
917 2937 1030 3000 Venus.

142 3332 146 3340 ,
232 3275 426 3335 Prostratum
439 3281 522 3335 vasta
536 3275 668 3335 Nemees
679 3277 711 3334 in
727 3272 807 3336 valle
820 3271 943 3334 leonem

275 3357 387 3418 Nobile
407 3365 440 3418 et
457 3357 645 3418 Herculeum
662 3358 741 3417 lama
758 3360 886 3417 canebat
902 3376 987 3439 opus.

234 3441 341 3500 Prisca
353 3440 432 3500 fides
447 3446 563 3500 taceat:
587 3460 654 3498 nam
669 3448 740 3520 post
754 3448 806 3499 tua
821 3457 963 3518 munera,
986 3439 1119 3519 Cacsar,

275 3523 343 3582 Hoc
357 3526 416 3582 iam
430 3524 564 3582 femineo
581 3568 958 3585 ........
