2392 3888
304 203 645 266 EPIGRAMMATON
658 204 732 266 LIB.
751 207 802 270 lX.

514 354 593 418 LVI.

114 453 361 536 Spendophorus
376 453 507 533 Libycas
522 453 639 515 domini
652 458 734 536 petit
746 459 880 539 armiger
898 463 1007 524 urbest

159 541 246 616 Quae
260 555 359 619 puero
375 536 471 598 donas
489 536 569 616 tela,
592 538 727 620 Cupido,
748 561 841 622 para;

114 622 172 684 llla
188 624 298 702 quihus
312 623 440 682 iuvenes
453 623 523 700 ligia
537 621 710 702 mollesque
728 623 861 704 puellas:

158 707 207 768 Sit
219 713 323 767 tamen
339 706 371 765 in
386 712 497 766 tenera
510 707 588 768 levis
603 715 637 766 et
650 707 739 770 hasta
754 729 852 772 manu.

84 792 256 855 bhoricam
272 788 477 870 clypeumque
490 791 549 851 tibi
566 789 745 870 galeamque
759 794 904 870 remitto;

158 875 258 935 Tutus
271 880 306 934 ut
319 873 442 934 invadat
454 873 590 954 praelia,
611 873 712 936 nudus
727 883 785 936 eat.

114 960 183 1021 Non
197 957 314 1036 iaculo,
336 977 399 1017 non
414 975 489 1017 ense
504 959 564 1018 fuit
577 958 717 1018 laesusve
733 961 858 1038 sagitta,

157 1041 286 1105 Casside
304 1040 375 1101 dum
388 1039 471 1102 liber
484 1043 738 1121 Parthenopaeus
754 1050 831 1103 erat.

116 1128 263 1205 Quisquis
280 1127 320 1186 ab
332 1125 393 1186 hoc
407 1125 505 1185 fuerit
517 1126 611 1203 fixus,
633 1127 784 1187 morietur
797 1145 911 1190 amore.

68 1225 109 1276 10
159 1211 186 1272 0
201 1209 293 1289 felix,
315 1210 342 1269 si
358 1227 449 1288 quem
463 1215 525 1269 tam
540 1211 620 1270 bona
633 1209 697 1269 iata
711 1211 852 1272 manenti

53 1315 58 1322 ’
113 1297 193 1355 Dum
207 1313 287 1376 puer
302 1312 352 1371 es,
370 1291 498 1371 redeas,
520 1292 593 1355 dum
605 1292 691 1354 voltu
704 1292 859 1374 lubricus,
881 1301 915 1356 et
929 1303 961 1355 te

156 1379 226 1440 Non
240 1377 339 1457 Libye
353 1378 463 1455 faciat,
483 1377 540 1437 sed
555 1385 606 1437 tua
619 1377 715 1438 Roma
730 1380 837 1441 virum.

506 1511 598 1574 LVll.

114 1609 168 1671 Nil
184 1617 233 1672 est
245 1611 350 1671 tritius
367 1606 485 1689 Hedyli
498 1608 649 1669 lacernis:
886 1647 899 1680 ,

113 1695 184 1756 Non
198 1713 289 1756 ansae
304 1701 444 1754 veterum
460 1694 709 1769 Corinthiorum,

113 1779 181 1840 Nec
201 1799 271 1839 crus
287 1775 437 1858 compede
451 1776 604 1838 lubricum
620 1774 769 1856 decenni,

114 1863 181 1923 Nec
199 1870 310 1944 ruptae
325 1863 458 1923 recutita
472 1858 553 1922 colla
567 1859 685 1938 mulae,

87 1947 182 2010 5Nec
200 1966 277 2026 quae
291 1944 474 2008 Flaminiam
490 1951 597 2006 secant
611 1945 769 2023 salebrae,

115 2031 181 2091 Nec
200 2033 252 2109 qui
264 2030 409 2092 litoribus
423 2031 524 2090 nitent
537 2026 654 2109 lapilli,

114 2115 181 2175 Nec
200 2115 301 2175 Tusca
314 2112 379 2192 ligo
395 2115 484 2174 vinea
497 2111 630 2194 politus,

114 2198 182 2258 Nec
198 2195 317 2282 pallens
331 2205 403 2276 toga
416 2199 530 2260 mortui
544 2195 684 2272 tribulis,

114 2281 181 2342 Nec
197 2283 280 2363 pigri
294 2288 363 2344 rota
378 2301 487 2362 quassa
499 2278 660 2356 mulionis,

67 2379 104 2430 10
113 2366 181 2426 Nec
199 2386 299 2426 rasum
315 2385 407 2426 cauea
421 2363 501 2425 latus
515 2364 664 2440 bisontis,

112 2450 180 2510 Nec
199 2448 276 2511 dens
289 2452 349 2510 iam
365 2451 471 2510 senior
485 2448 601 2509 ferocis
617 2447 692 2528 apri.

115 2534 181 2594 Res
194 2554 255 2595 una
271 2541 451 2610 esttamen,
467 2567 508 2576 -
522 2534 590 2612 ipse
604 2550 667 2590 non
681 2530 823 2608 negabit,
837 2562 878 2570 —

116 2615 211 2677 Culus
228 2619 333 2679 tritior
347 2616 464 2696 Hedyli
478 2615 620 2677 lacernis.

501 2749 605 2810 LVlll.
654 2764 656 2770 ’

112 2863 257 2945 Nympha
274 2865 354 2924 sacri
368 2865 476 2943 regina
489 2861 593 2940 lacus,
616 2864 664 2922 cui
681 2868 767 2942 grata
781 2860 911 2919 Sabinus

157 2947 200 3008 llt
214 2967 357 3008 mansura
368 2949 421 3028 pio
436 2965 563 3007 munere
579 2946 693 3026 templa
709 2943 812 3022 dedit,

114 3032 169 3093 Sic
184 3038 327 3092 montana
342 3037 410 3091 tuos
427 3049 550 3111 semper
565 3029 648 3090 colat
661 3029 788 3091 Umbria
801 3028 922 3105 fontes,

157 3115 224 3176 Nec
238 3121 290 3176 tua
306 3115 435 3175 haimos
451 3115 574 3175 Sassina
587 3112 674 3174 malit
688 3131 797 3194 aquas:

90 3200 239 3280 aldrcipe
254 3197 408 3260 sollicitos
422 3197 561 3279 placide,
577 3209 652 3258 mea
666 3198 764 3275 dona,
784 3193 929 3267 libellos3

160 3283 210 3343 Tu
225 3283 324 3344 fueris
338 3282 437 3343 Musis
452 3284 579 3361 Pegasis
592 3281 675 3342 unda
688 3282 775 3342 meis.
791 3313 834 3324 —

113 3365 348 3448 „Nympharum
362 3363 488 3448 templis
504 3367 642 3446 quisquis
657 3385 711 3425 sua
726 3363 860 3423 carmina
875 3358 984 3436 donat,

158 3449 239 3527 Quid
254 3451 326 3511 heri
338 3449 429 3512 libris
448 3449 577 3527 debeat,
598 3450 666 3528 ipae
684 3446 809 3506 docet.“
