2460 3878
370 149 708 212 EPIGRAMMATON
721 151 794 212 LIB.
809 151 846 212 X.
1071 151 1134 218 247

131 304 240 368 loNec
261 320 339 383 quae
353 299 481 383 paludeb
497 300 631 362 delicata
644 301 823 381 Pomptinas

174 389 222 449 Ex
237 384 395 446 urceoliui
410 390 530 466 spectat
543 404 601 445 uva
614 385 723 446 Setini.

175 469 256 548 Quid
271 471 483 550 concupiscam
498 471 621 548 quaeris
636 467 734 547 ergo?
755 467 901 533 dormire.
921 545 923 548 Ι

553 579 674 641 Lxxv.

173 680 262 741 Milia
275 680 385 758 ulgluti
400 677 551 757 quondam
566 695 614 738 me
630 675 720 738 Galla
734 680 876 758 poposcit

215 764 274 841 lot,
293 763 411 839 fateor,
430 781 538 840 magno
553 764 698 821 nouerat
711 758 765 821 illa
778 763 877 823 nimis.

175 848 281 907 Annus
297 847 375 906 abit:
397 847 471 923 „Bis
487 847 578 923 quius
593 843 680 904 dabis
695 846 879 923 sestertia,“
895 845 981 910 diuit.

216 931 352 990 Poscere
365 928 437 1009 plus
451 931 514 988 visa
529 935 577 988 est
593 947 680 1007 quam
696 929 782 1007 prius
796 927 851 991 illa
866 931 950 990 mibi.

146 1014 234 1075 olam
250 1013 310 1073 duo
327 1014 468 1093 poscenti
483 1018 554 1093 post
568 1018 686 1071 sextum
704 1010 788 1071 miIia
801 1030 937 1074 mensem

215 1096 306 1158 Mille
321 1097 428 1157 dabam
444 1115 591 1157 nummos.
621 1093 729 1155 Noluit
743 1097 894 1176 aeoIpere.

174 1181 378 1241 Transierant
392 1181 483 1239 binae
497 1180 602 1238 forsan
621 1179 759 1240 trinaeve
774 1178 947 1259 Kalendae,

215 1261 367 1325 Aureolos
382 1262 466 1323 ultro
483 1269 627 1342 quattuor
640 1264 707 1342 ipsa
721 1263 809 1343 petit.

171 1348 239 1408 Nou
255 1348 405 1408 dedimus.
435 1348 566 1407 Centum
580 1347 671 1405 iussit
685 1365 733 1406 me
748 1348 873 1408 mittere
888 1367 1046 1423 nummos5

134 1442 171 1495 10
221 1431 284 1492 Sed
298 1433 362 1491 visa
376 1435 426 1491 est
441 1431 530 1490 uobis
544 1431 622 1490 haec
637 1449 760 1509 quoque
774 1450 890 1491 summa
905 1435 1014 1510 gravis.

173 1515 318 1596 Sportula
330 1535 387 1574 nos
401 1515 499 1574 iunxit
513 1513 733 1592 quadrantibus
748 1514 834 1574 arida
849 1521 989 1590 centum;

213 1599 302 1659 Ilanc
317 1599 427 1658 voluit:
447 1616 545 1678 puero
563 1596 692 1657 diximus
706 1615 775 1657 esse
791 1597 901 1661 datam.

170 1681 303 1744 IulerIus
318 1681 468 1760 numquid
482 1682 584 1762 potuit
599 1678 816 1742 descendere?
835 1683 922 1748 IecIt.

213 1767 274 1827 Dat
287 1767 398 1846 gratis,
418 1764 501 1825 ultro
519 1764 571 1824 dat
586 1765 662 1825 mibi
676 1764 781 1854 idalia:
802 1785 892 1846 nego.

544 1875 679 1938 LXXVI.

170 1975 256 2054 IIoc,
277 1975 431 2053 Fortuna,
451 1976 508 2035 tibi
523 1975 646 2035 videtur
662 1977 816 2055 aequum?

171 2061 254 2121 civis
268 2079 330 2120 nou
345 2059 491 2139 Syriaeve
505 2059 706 2136 Parthiseve,

171 2143 237 2203 Nec
255 2143 294 2204 de
308 2143 500 2224 Cappadocis
516 2161 612 2222 eques
628 2144 769 2218 catastis,

172 2226 236 2288 Sed
251 2227 290 2287 de
304 2226 398 2308 plebe
412 2228 502 2288 Remi
518 2227 696 2302 Numaeque
709 2245 821 2304 verna,

20 2367 24 2374 .
148 2310 340 2388 tlucundus,
359 2313 489 2390 probus,
511 2311 660 2370 innocens
676 2311 805 2387 amicus,

170 2394 288 2473 Lingua
303 2394 411 2455 doctus
426 2403 573 2472 utraque,
595 2395 682 2453 cuius
697 2413 789 2454 unum
804 2399 867 2472 est,

171 2477 235 2538 Sed
249 2498 388 2557 maguum
402 2481 524 2557 vitium,
546 2477 629 2558 quo'd
643 2484 692 2538 est
708 2485 817 2559 poeta,

170 2561 259 2622 Pullo
274 2563 414 2623 Maevius
432 2562 516 2643 alget
529 2564 561 2623 iu
576 2559 708 2637 cucullo,

172 2647 274 2707 Cocco
289 2645 384 2707 mulio
400 2645 502 2726 fulget
514 2647 670 2707 incitatus.

55 2835 61 2846 “
171 2841 308 2919 Nequius
324 2863 340 2900 a
356 2842 435 2902 Caro
451 2839 531 2902 nihil
545 2860 696 2920 uuquam,
717 2841 867 2918 Maxime,
889 2840 1003 2900 Iactum
1021 2847 1085 2920 est,

212 2925 309 3002 Quam
325 2925 408 3005 quod
421 2926 512 2986 febre
528 2924 630 3006 perit:
651 2925 729 2984 fecit
743 2929 776 2983 et
788 2921 844 2983 ills
858 2924 954 2986 nefas.

170 3009 268 3069 Saeva
281 3028 398 3070 nocens
413 3010 511 3070 febris
529 3008 639 3069 saltem
655 3014 803 3088 quartana
818 3009 944 3071 luisset!

212 3093 337 3174 Seruari
352 3092 472 3154 medico
488 3093 596 3153 debuit
611 3091 666 3153 ille
681 3111 746 3152 suo.

526 3205 689 3268 LXXVIII.

170 3304 233 3366 lbIs
246 3302 393 3384 litoreas,
415 3307 537 3385 Macer,
556 3305 700 3385 Salonas,

168 3387 231 3450 Ibit
244 3410 315 3451 rara
328 3389 408 3452 fldes
423 3408 569 3471 amorque
584 3392 665 3450 recti
