2460 3878
143 187 205 250 aas
265 162 270 186 '
469 185 621 249 uvas.
638 185 864 248 massanus

268 341 311 401 lit
323 342 518 420 praetextata
532 335 631 398 cultus
646 339 796 418 amicitia,

204 423 278 486 oTu
292 424 386 498 iacis3
407 423 440 481 in
455 423 549 482 terris
568 441 628 500 qno
641 440 705 482 non
720 428 769 482 est
782 422 864 485 alter
878 423 1005 487 Hiberis

270 505 399 567 Dulcior
416 511 449 566 et
461 523 536 565 vero
551 503 661 584 dignus
681 525 785 566 amore
799 508 905 587 magis.

229 591 347 653 Tecum
361 608 419 669 ego
433 587 484 650 vel
497 590 571 649 sicci
588 588 721 650 Gaetula
734 589 865 672 mapalia
878 592 976 654 Poeni

268 677 311 737 Et
324 681 465 756 poteram
480 673 641 752 Scythicas
654 673 754 736 hostis
769 694 871 736 amare
887 695 980 738 cassa.

227 760 261 821 Si
274 761 333 821 tibi
348 777 434 820 mens
449 754 574 835 eadem,
590 757 617 816 si
631 759 731 817 nostri
744 766 849 820 mutua
863 778 937 820 cura
951 765 1013 841 est,

185 855 221 907 10
268 845 301 904 ln
317 859 500 923 quocunque
514 839 584 900 loco
600 839 696 901 Roma
711 840 829 904 duobus
843 845 914 906 erit.

629 974 710 1038 XXl.

228 1090 375 1152 Scribere
390 1095 423 1149 te
440 1105 519 1167 quae
532 1088 582 1148 viu
596 1085 751 1167 intelligat
763 1090 832 1169 ipse
846 1088 1007 1151 Modestus

269 1176 311 1236 Et
325 1176 374 1235 vis
390 1171 556 1249 Claranus,
579 1170 654 1250 quid
667 1191 760 1250 rogo,
782 1171 892 1250 Sexte,
914 1173 1016 1235 iuvat?

227 1259 296 1319 Non
310 1256 429 1318 lectore
446 1257 507 1316 tuis
523 1275 598 1336 opus
614 1261 677 1332 est,
699 1255 756 1316 sed
770 1255 935 1338 Apolline,
956 1256 1058 1320 libriss

269 1341 373 1403 Iudice
387 1346 419 1400 te
434 1342 531 1401 maior
546 1340 644 1400 cinna
659 1339 790 1400 Marone
804 1339 873 1402 fuit.

205 1426 280 1490 usic
294 1432 346 1486 tua
359 1423 526 1485 laudentur
541 1441 631 1484 sane:
653 1441 720 1484 mea
735 1425 885 1504 carmina,
909 1425 1018 1504 Sexte,

270 1509 483 1572 Grammaticis
498 1506 656 1588 placeant,
677 1514 712 1567 ut
726 1509 793 1568 sine
808 1508 1030 1572 Grammaticis.

633 1641 726 1702 XXII.

229 1758 293 1819 Cur
307 1755 460 1836 spleniato
476 1771 569 1835 saepe
583 1752 733 1834 prodeam
746 1760 850 1814 mento

227 1840 345 1912 Alione
360 1841 460 1921 pictus
474 1858 546 1899 sana
560 1837 647 1899 labra
662 1855 801 1916 cerussa,

226 1923 385 2004 Philaeni,
410 1923 555 2003 qnaeris?
576 1923 698 1983 basiare
712 1928 745 1981 te
760 1920 844 1982 nolo.

610 2069 717 2132 XXlll.

227 2187 289 2247 lam
304 2191 446 2246 numerat
459 2182 582 2264 placido
597 2182 673 2244 i'elix
687 2185 839 2259 Antonius
852 2203 927 2245 aevo

271 2267 481 2347 quindeciens
496 2273 578 2328 actas
595 2267 717 2328 Primus
733 2267 929 2350 Olympiadas
991 2288 995 2298 ·

227 2354 482 2431 Praeteritosque
498 2351 565 2412 dies
577 2358 610 2411 et
624 2357 708 2411 totos
722 2353 854 2432 respicit
867 2371 980 2432 annos,

269 2439 334 2498 Nec
348 2437 458 2498 metuit
473 2435 590 2496 Lethes
603 2436 663 2495 iam
678 2436 834 2516 propioris
849 2455 950 2514 aquas.

206 2520 321 2584 oNulla
335 2519 513 2581 recordanti
527 2519 579 2581 ins
593 2525 642 2579 est
656 2520 777 2598 ingrata
792 2521 968 2600 gravisque:

269 2602 362 2665 Nulla
378 2604 455 2681 iuit‘,
478 2604 562 2663 ouius
577 2622 639 2662 non
653 2604 828 2663 meminisse
842 2602 926 2664 velit.

228 2687 364 2769 Ampliat
378 2688 488 2749 aetatis
502 2688 632 2767 spatium
648 2688 767 2747 albivia
781 2689 894 2748 bonus:
910 2688 970 2747 hoc
985 2693 1035 2749 esi

270 2773 385 2836 Vivere
401 2773 465 2850 bis,
485 2772 548 2832 vita
562 2790 654 2850 posse
667 2771 775 2851 priore
789 2771 861 2833 frui.

613 2905 724 2968 XXIV.

228 3014 354 3076 Natales
370 3017 446 3076 mihi
457 3017 590 3078 Martiae
604 3014 780 3094 Kalendae,

227 3100 293 3160 Lux
307 3099 473 3161 formosior
489 3102 628 3162 omnibus
642 3098 800 3175 Kalendis,

228 3187 295 3261 Qua
311 3185 437 3245 mittunt
450 3185 525 3245 mihi
539 3204 648 3245 munus
663 3192 696 3244 et
708 3183 849 3264 puellae,

229 3269 485 3347 quinquagesima
498 3267 561 3328 liba
578 3269 800 3346 septimamque

227 3351 352 3413 Vestris
367 3351 505 3411 addimus
520 3351 600 3409 hanc
615 3351 694 3410 iocis
709 3369 855 3412 acerram.

227 3433 285 3492 His
301 3452 369 3510 vos,
393 3435 419 3492 si
433 3438 536 3492 tamen
551 3431 692 3512 expedit,
713 3440 836 3512 roganti
