2474 3906
171 241 200 280 n
302 295 303 303 Ν
554 221 814 278 ranacario.

173 381 278 433 serunt.
321 377 394 431 Ltbri
410 380 437 442 8,
454 378 480 442 t,
499 379 516 432 4
533 374 614 430 ABE
629 373 716 430 Cinna
733 378 824 429 tacere
838 377 938 443 potest,
955 373 1009 430 XC
1021 375 1114 428 dicere
1126 373 1192 432 cim

167 465 265 535 potest,
278 466 307 514 111
318 461 464 530 uirumque
475 459 503 512 in
518 459 671 530 archetypo
686 457 772 513 luisse
784 456 946 527 suspiceris.
981 455 1064 512 Solus
1081 457 1113 511 E
1126 463 1151 524 5,
1166 461 1192 517 ll,

172 552 205 602 11
217 544 353 616 Leithue,
373 559 390 598 a
401 544 515 614 reliquis
533 542 610 598 varie
623 541 816 613 depravatum,
829 541 969 596 sincerum
981 541 1087 596 obtulit.
1122 539 1191 596 Coni-
1213 535 1214 610 J

172 627 258 700 gandi
273 628 420 683 conamina
431 642 546 698 perrara
561 632 639 682 sunt:
651 626 756 680 nullum
767 624 870 680 clarius
882 640 965 695 quam
978 627 1005 690 9,
1016 629 1042 691 2,
1053 629 1071 681 2
1213 629 1214 636 ’

418 711 455 766 Et
469 712 591 783 quanm
607 711 642 766 dc
652 715 676 765 tc
686 710 806 764 mentula
818 709 877 764 sota
890 707 966 763 nihil.
1213 765 1214 774 χ

171 795 223 851 Ubi
238 811 302 850 cum
314 796 341 850 in
353 794 459 852 XABG
470 794 543 850 desit
551 795 618 861 acle,
637 791 722 848 oredo
736 791 811 862 quod
829 793 856 846 in
874 791 1028 862 archetypo
1045 791 1194 861 nescioquo

173 896 241 934 casu
268 879 425 946 exciderat,
447 873 475 936 ‘tl
491 879 631 950 supplevit
648 877 746 949 11191111,
764 875 871 947 ι1111111ιί
886 879 997 946 praeter
1013 874 1164 929 Palatinum
1179 878 1195 925 ol

171 964 399 1033 Arondellianum
412 961 504 1030 (ΡΟ),
525 963 571 1033 qui
589 961 665 1033 quod
683 959 800 1014 dederat
817 963 900 1030 poeta
914 959 974 1016 tola
990 956 1194 1021 custodiverunl,

118 1045 122 1052 '
171 1049 259 1103 laese.-
278 1047 502 1104 eeccEnostra.

234 1133 339 1186 Verum
352 1147 414 1186 cum
428 1130 456 1184 id
472 1130 547 1201 qnod
558 1145 614 1183 non
625 1128 826 1184 infructuosum
842 1129 931 1182 lucrat
941 1124 1002 1180 fieri
1013 1125 1068 1180 iam
1080 1141 1134 1180 non
1144 1141 1195 1194 pos·

173 1215 216 1282 sit,
234 1221 264 1268 ut
279 1214 501 1285 Edinburgcnsis
518 1214 672 1284 scripturae
688 1213 716 1268 in
734 1227 845 1267 omnem
862 1210 984 1265 familiae
1000 1209 1195 1280 perpetuitatem

172 1298 391 1353 testimoniorum
403 1297 525 1368 illigatae
542 1296 580 1352 ad
594 1295 818 1368 investigandam
837 1293 991 1350 communis
1010 1293 1133 1364 parentis
1152 1307 1196 1346 ma·

151 1397 237 1436 rnamn
256 1381 466 1436 adhiberentur:
490 1396 619 1436 seorsum
636 1395 792 1451 proponere
812 1379 875 1434 libri
893 1379 1044 1450 scripturas
1061 1377 1195 1432 maximan

171 1469 279 1536 partem
297 1465 410 1520 aliunde
428 1470 508 1520 notas
520 1481 577 1519 non
588 1464 681 1519 visum
695 1479 798 1534 operae
814 1468 866 1518 est.
911 1461 982 1518 Illud
1005 1462 1107 1516 iaciam
1129 1460 1158 1514 h.
1179 1461 1196 1518 1..

171 1554 208 1617 ut,
226 1564 280 1620 quo
297 1549 365 1605 nihil
383 1548 421 1605 ad
438 1550 548 1620 penitus
566 1545 747 1620 aperiendam
765 1548 827 1603 libri
847 1545 969 1602 indolem
986 1545 1127 1600 efficacius
1146 1557 1197 1597 esse

170 1636 276 1703 potest,
306 1633 468 1706 consignent
491 1633 642 1704 scripturas
665 1631 819 1687 eorundem
836 1631 961 1686 locorum
982 1645 1053 1701 quae
1074 1645 1104 1699 p.
1126 1624 1197 1683 CXXI

171 1717 348 1786 perlustravi.
385 1717 460 1784 Quas
474 1717 552 1772 cuius
566 1717 680 1771 interest
691 1715 862 1786 comparabit
873 1731 936 1770 oum
947 1715 1115 1785 reliquorum
1128 1713 1198 1766 libro·

172 1814 231 1854 111111
248 1800 422 1855 lectionibus.
467 1806 492 1858 1.
516 1801 711 1867 manarat
729 1805 756 1854 ut
772 1799 861 1855 XAG.
897 1805 924 1856 2.
944 1803 971 1862 3,
988 1801 1029 1863 18,
1042 1803 1059 1854 2
1073 1802 1103 1850 ut
1118 1795 1198 1850 XAB.

171 1882 459 1951 3.4,5,1111ΧΑΒ.
504 1889 530 1942 4.
549 1882 880 1955 4,5,4111ΧΑΒρν.11.
914 1878 1199 1948 manaturum.

170 1971 433 2038 6818211011ρο
453 1969 606 2024 lineatam.
645 1970 671 2024 l.
693 1969 848 2035 8,73,1111
863 1964 978 2022 XABG.
1013 1967 1041 2022 8.
1060 1967 1086 2030 9,
1097 1963 1200 2029 849111

170 2049 234 2104 ΧΑ.
268 2055 294 2108 9.
308 2057 350 2116 11,
362 2055 406 2117 20,
418 2055 436 2110 4
448 2065 478 2106 se
489 2065 594 2124 quoqne
604 2053 644 2106 nti
651 2051 759 2122 saletam
770 2056 855 2118 recte,
866 2065 930 2106 nam
943 2049 976 2104 X
985 2047 1143 2118 ntfntuam.
1169 2047 1201 2102 9³.

171 2140 213 2201 11,
226 2139 269 2200 45,
282 2139 298 2192 5
312 2136 515 2206 anapiccrimeet
525 2141 555 2190 ut
566 2136 623 2188 lero
635 2134 660 2190 A
666 2133 699 2188 V.
735 2140 779 2192 10.
796 2140 839 2201 ll,
851 2138 894 2200 46,
909 2139 925 2192 5
936 2135 970 2188 ab
982 2131 1124 2187 erroribus
1139 2135 1201 2184 cete·

170 2233 264 2272 rorum
277 2219 360 2272 cavit.
393 2225 436 2278 11.
454 2226 496 2287 10,
508 2225 552 2287 20,
564 2223 581 2278 3
593 2224 622 2274 ut
635 2217 699 2274 ΧΑ.
733 2223 775 2275 12.
792 2222 818 2285 9,
833 2205 876 2286 20,
888 2221 905 2275 ’1
923 2216 1089 2274 enomere
1101 2230 1162 2268 cum
1174 2214 1201 2265 Α.

173 2306 212 2371 13.
237 2307 263 2369 4,
276 2307 319 2370 26,
334 2305 352 2358 3
372 2303 501 2360 Tricenca
514 2309 583 2375 pato
594 2303 633 2358 bia
646 2303 704 2370 (vis
715 2303 753 2368 Α)
764 2302 848 2357 denos
862 2307 903 2356 ter
915 2306 983 2372 puto
997 2313 1121 2355 nummos
1132 2303 1161 2352 ut
1171 2296 1202 2349 X.

170 2389 212 2442 14.
224 2390 249 2452 4,
262 2392 305 2453 53,
317 2391 335 2446 6
348 2387 398 2442 Cati
406 2388 483 2444 datos
495 2387 590 2457 (datus
602 2387 656 2442 ΧΑ
663 2403 714 2456 pr.
728 2386 769 2452 B)
784 2387 876 2440 lctrm.
908 2390 950 2442 15.
963 2391 1005 2452 10,
1018 2387 1061 2450 45,
1073 2385 1091 2440 3
1106 2387 1137 2436 111
1147 2379 1203 2434 ΧΑ.

170 2473 213 2526 16.
228 2473 254 2535 3,
267 2475 310 2534 50,
322 2477 338 2526 5
345 2478 477 2542 perpetor
488 2489 551 2526 curn
566 2471 591 2526 Α
599 2487 647 2540 pr.
661 2471 698 2524 B.
731 2473 774 2527 ll.
795 2473 835 2536 14,
847 2473 889 2535 34,
902 2475 917 2525 1
935 2469 1011 2524 Falx
1022 2481 1063 2520 me
1074 2471 1153 2520 certa
1163 2465 1202 2518 dc·

169 2553 209 2604 cis
215 2552 344 2622 placidos
355 2555 486 2609 curianoit
500 2557 527 2608 in
539 2569 613 2616 naus,
630 2555 686 2606 lere
701 2559 728 2607 ut
739 2553 803 2609 ΧΑ.
835 2555 879 2610 18.
893 2555 920 2620 3,
934 2556 975 2620 19,
989 2557 1006 2608 3
1025 2567 1080 2606 non
1100 2551 1204 2606 aberra«

168 2634 208 2698 vit
220 2650 283 2712 cnm
295 2635 420 2706 reliquis.
454 2641 497 2695 19.
509 2643 535 2701 3,
547 2643 591 2703 20,
603 2642 636 2695 16
648 2636 691 2692 An
702 2637 845 2708 impudicis
861 2637 890 2690 in
901 2650 943 2701 eo,
961 2651 1049 2707 prope
1068 2633 1204 2690 accedens

168 2716 205 2771 ad
219 2717 307 2774 XAG.
339 2725 384 2777 20.
398 2719 424 2785 9,
438 2727 462 2786 1,
475 2727 489 2777 1
502 2719 570 2776 Note
581 2719 671 2775 licebia
682 2737 745 2775 cum
755 2719 842 2776 ABG.
875 2720 949 2776 Haec
961 2720 1112 2776 hactenus:
1127 2733 1203 2789 quac

169 2801 233 2855 dam
250 2802 304 2856 alia
316 2802 388 2858 inira
400 2804 487 2874 tetigi.

231 2883 362 2942 Secundo
385 2889 446 2943 loco
465 2886 651 2943 nominandus
672 2888 820 2943 estendam
842 2887 1048 2958 Exemplorum
1063 2886 1203 2940 Parisinus

168 2967 231 3037 (Ν),
247 2969 291 3039 qni
307 2971 356 3025 luit
367 2971 395 3026 111
406 2972 483 3028 libris
499 2987 583 3027 manu
597 2970 708 3042 seriptis
720 2971 764 3038 iis,
780 2971 826 3042 qui
842 2972 946 3026 recenti
963 2975 1089 3041 tempore
1104 2969 1202 3024 suntin

167 3051 363 3110 bibliothecam
374 3056 514 3125 publicam
530 3055 611 3124 illati,
631 3055 814 3127 investigatus
827 3071 843 3110 a
854 3055 935 3113 man
946 3053 1094 3110 Dnebnero
1104 3058 1203 3107 nostro.

167 3137 263 3203 Liber,
282 3137 347 3192 olim
364 3139 549 3196 bibliothecae
567 3138 828 3206 Nostradamcnsis,
846 3139 973 3210 signatus
985 3154 1027 3192 nr.
1040 3141 1108 3205 188,
1127 3151 1204 3190 mem·

166 3220 331 3289 branaccus,
346 3238 423 3278 saec.
434 3223 495 3278 Xlll
506 3240 560 3278 non
573 3223 686 3280 inferior
694 3228 840 3294 poetarum
852 3222 1034 3294 complurium
1046 3219 1136 3276 flores
1151 3234 1205 3274 oon-

52 3322 56 3329 ·
167 3303 249 3358 tinet:
272 3321 389 3376 quorum
406 3323 461 3380 ego
484 3307 637 3363 Ouidianos
658 3309 723 3362 olim
744 3307 821 3380 attigi
840 3307 913 3362 Nov.
927 3307 1000 3362 blus.
1019 3304 1113 3360 Rhen.
1126 3305 1173 3368 111,
1184 3319 1206 3371 p

168 3391 227 3456 144,
248 3388 420 3448 Tibullianos
437 3390 602 3463 propediem
617 3392 645 3446 in
656 3389 802 3463 Philologo
815 3389 940 3446 daturus.
985 3389 1061 3444 llaec
1081 3405 1139 3461 ego
1158 3403 1208 3440 om-

165 3471 211 3524 nia
222 3472 303 3528 Frid.
314 3473 455 3530 Dnebneri
465 3476 601 3530 amicitiae
614 3480 727 3545 accepta
738 3477 841 3530 resero.
874 3475 1013 3544 Excerpta
1028 3478 1123 3530 antem
1143 3473 1208 3528 Mar-

165 3553 237 3611 tialis
258 3557 309 3614 etsi
326 3557 445 3615 redeunt
461 3559 498 3613 ad
512 3559 611 3614 librum
629 3557 802 3615 familiae-Ga
815 3575 870 3613 non
890 3559 1024 3630 optimum
1036 3557 1163 3630 aliquem
1173 3579 1207 3591 -
