2460 3878
324 202 664 302 nP1uRAnfluni'0N
678 205 754 268 LlB.
768 205 805 267 X.
1028 207 1090 270 235

515 361 625 424 XXXI.

124 459 259 524 Addixti
273 462 538 521 serrumnummis
553 461 631 520 here
646 459 733 528 mille
750 460 908 537 docentis,

169 545 215 607 Ut
230 547 311 606 bene
327 563 473 622 cennas,
494 541 691 622 Calliodore,
713 543 820 604 semel,

124 628 195 691 Nec
208 630 291 689 bene
306 630 438 688 cenanti:
459 627 569 687 mullus
585 629 643 688 tibi
658 636 803 709 quattuor
823 635 943 708 emptos

169 712 334 774 Librarum
349 730 444 772 cenae
458 730 569 793 pompa
584 719 736 791 caputque
751 713 820 774 fnit.

98 794 310 862 blllxclamare
324 793 417 857 libet:
439 794 530 874 „Non
544 802 593 855 est
605 796 674 872 hic,
694 797 852 875 improbe,
873 815 935 855 non
950 803 999 856 est

169 879 286 941 Piscis:
308 882 400 942 homo
418 887 483 954 est3
506 879 679 957 hominem,
702 877 899 956 Calliodore,
923 887 1057 943 comesd-

490 983 628 1072 'xxxu

125 1112 215 1173 Haeo
229 1111 305 1172 mihi
320 1129 398 1190 quae
410 1109 527 1172 'colitur
541 1108 630 1170 violis
644 1109 765 1189 pictura
780 1111 936 1188 rosisque,

170 1195 254 1272 Quos
269 1195 388 1255 referat
400 1193 520 1271 voltus,
543 1192 746 1272 Caediciane,
767 1195 881 1272 rogas?
913 1236 914 1240 ,

126 1277 215 1340 Talis
231 1285 298 1338 erat
312 1278 438 1339 Marcus
453 1277 563 1338 mediis
577 1278 731 1339 Antonius
746 1280 833 1339 annis

169 1363 306 1423 Primus:
327 1363 361 1421 in
373 1363 434 1423 hoc
447 1364 589 1423 invenem
604 1381 638 1422 se
653 1361 809 1424 videtote
825 1381 928 1424 senex.

102 1447 190 1509 §Ars
204 1447 322 1507 utinam
337 1464 440 1506 mores
454 1447 648 1525 animumque
664 1447 816 1525 effingere
830 1447 951 1526 posset!

169 1527 336 1591 Pulchrior
350 1530 384 1590 in
399 1531 494 1590 terris
509 1529 594 1589 nnlla
609 1529 726 1590 tabella
738 1530 832 1590 lorct.
948 1569 952 1578 -

126 1759 305 1841 Simplicior
317 1762 447 1841 priscis,
467 1762 589 1824 Munati
604 1759 712 1839 Galle,
735 1761 874 1840 Sabinis,

170 1845 357 1926 Cecropium
373 1864 500 1926 ssnpera
514 1847 719 1925 quibonitate
734 1865 857 1925 senem,

125 1929 179 1990 Sic
193 1929 252 1988 tibi
267 1931 428 1990 consoceri
443 1928 543 1991 claros
558 1932 698 1992 retinere
712 1938 843 2010 penates

168 2011 327 2093 Perpetua
341 2019 432 2076 natae
447 2012 502 2074 det
512 2015 582 2074 lace
599 2020 682 2075 casta
696 2014 821 2075 Venus:

100 2096 171 2159 §Ut
185 2102 234 2174 tn,
256 2097 282 2156 si
295 2095 387 2157 viridi
402 2098 516 2158 tinctos
531 2099 678 2176 aerugine
692 2116 800 2159 versus

141 2173 148 2214 ·“
168 2181 266 2241 Forte
283 2178 378 2240 malus
393 2178 474 2240 livor
488 2180 604 2242 dixerit
619 2199 689 2242 esse
703 2200 805 2259 meos,

124 2264 170 2326 Ut
183 2264 275 2341 facis,
298 2265 418 2325 anobis
432 2266 551 2344 abigas,
573 2282 632 2324 nec
647 2266 802 2344 stringere
818 2283 990 2344 quenquam

170 2345 260 2407 'falia
277 2347 446 2408 contendas
462 2349 614 2426 carmina,
636 2349 688 2427 qul
699 2346 823 2427 legitur.

125 2432 218 2492 Hunc
233 2449 357 2491 servare
372 2431 496 2492 modum
509 2432 609 2491 nostri
623 2450 738 2492 novere
751 2431 871 2509 libelli,

81 2525 119 2578 10
166 2515 302 2576 Parcere
315 2517 476 2597 personis,
499 2515 605 2575 dicere
622 2514 768 2580 devitiis.

434 2665 436 2669 ,
491 2627 631 2691 XXXIV.

128 2726 168 2785 lli
184 2727 242 2786 tibi
258 2723 335 2786 dent
350 2724 516 2806 quidquid,
538 2726 654 2786 Cacsar
671 2725 822 2807 Traiane,
844 2731 975 2790 mereris

167 2810 210 2870 nt
222 2817 291 2870 rata
303 2817 456 2889 perpetuo
472 2828 550 2889 quae
564 2811 705 2870 tribuere
718 2811 824 2873 velint.

126 2893 253 2954 Ouiana
267 2894 407 2954 restituis
423 2893 554 2974 spoliato
571 2894 640 2953 iura
651 2899 799 2975 patrono,

167 2976 307 3039 Liberti·
321 2974 393 3038 exul
407 2995 470 3038 non
485 2977 547 3038 erit
559 2975 614 3038 ille
631 2977 704 3040 sois.
887 2983 889 2988 ’

103 3059 245 3140 uulgum
259 3080 310 3138 es,
331 3067 366 3121 ut
379 3063 479 3143 possis
494 3066 593 3122 totum
608 3078 733 3122 servare
746 3063 906 3125 clientem:

167 3145 211 3207 Ut
225 3143 376 3205 -liceat
390 3151 508 3230 tantum
522 3164 595 3207 vera
608 3147 743 3226 probare
758 3182 801 3196 -
814 3156 914 3230 potes.

503 3283 629 3346 XXXV.

124 3377 241 3438 Omnes
255 3377 421 3461 Sulpiciam
434 3380 540 3460 legant
553 3381 694 3463 puellae,

123 3460 186 3522 Uni
202 3481 281 3541 qnae
296 3465 424 3543 cupiunt
438 3466 504 3526 viro
520 3466 663 3545 placere;
