2392 3888
307 830 353 903 Μ.
375 829 479 902 VAL.
502 829 758 904 MARTIALIS

220 949 842 1096 uiioooooorou

380 1139 657 1245 ιιιιιιιιιιιιι.

83 1372 273 1452 imperatori
285 1369 466 1429 Domitiano
476 1355 614 1430 'Onerati
628 1371 795 1450 Angusto,
820 1370 1023 1452 θιιιιιαιιίοο,

315 1452 449 1530 Dacico,
477 1451 621 1512 Valerius
635 1452 793 1514 Martialis
807 1452 842 1514 S.

140 1565 258 1660 Omnes
281 1597 405 1679 quidem
425 1596 526 1658 libelli
546 1600 623 1677 mei,
651 1599 792 1678 domine,
821 1603 930 1680 quibus
951 1609 986 1664 tu
1007 1604 1053 1664 io-

48 1703 150 1761 mam‚
178 1681 212 1743 id
232 1690 280 1743 ent
296 1685 405 1760 vitam,
436 1681 568 1762 dedisti,
594 1684 653 1744 tibi
667 1683 857 1766 supplicant3
892 1693 942 1764 et,
968 1694 1053 1767 puto,

46 1773 184 1850 propter
197 1767 257 1828 boc
271 1765 425 1845 legentur.
451 1767 511 1827 Hic
527 1774 645 1843 tumen,
669 1770 722 1847 qui
734 1771 839 1848 operio
854 1772 954 1830 nostri
970 1778 1054 1831 octn-

45 1871 107 1911 vuc
131 1851 328 1928 inscribitur,
370 1851 531 1911 occasione
555 1853 682 1931 pietatis
707 1852 903 1932 frequentius
928 1854 1052 1916 fruitur.

22 1936 160 1998 oblinas
173 1935 279 2013 itaque
290 1935 414 2014 ingenio
428 1932 628 1996 laborandum
643 1936 713 2013 fuit,
728 1938 761 1996 in
776 1939 861 1997 cuins
874 1936 975 1999 locum
991 1959 1053 1997 mu-

45 2021 133 2080 terio
147 2025 354 2079 successerat:
382 2038 471 2097 quam
492 2019 614 2098 quidem
637 2019 767 2080 subinde
790 2018 893 2100 aliqua
914 2022 1054 2081 iocorum

44 2104 183 2164 mixtura
196 2102 314 2162 variare
325 2104 554 2182 temptavimus,
566 2122 607 2163 ne
622 2102 749 2165 coelesti
762 2104 967 2164 verecundiae
982 2111 1053 2164 ture

44 2185 161 2246 lauder
176 2204 260 2261 uuor,
289 2204 367 2265 quoe
385 2185 505 2246 facilius
524 2193 557 2246 te
571 2187 704 2266 fatigare
715 2189 853 2266 possint,
884 2207 973 2266 quom
994 2207 1050 2247 uos

46 2270 182 2347 sonoro,
198 2271 296 2330 omnic
311 2288 418 2330 versus
430 2271 598 2349 ingereret.
626 2271 768 2348 Quamvis
783 2277 885 2330 nutem
900 2273 1053 2350 epigram-

11 2360 130 2417 lomna
144 2373 161 2411 a
176 2353 379 2413 severiroimio
401 2372 523 2432 quoque
536 2351 577 2415 *et
597 2371 731 2413 summac
752 2353 896 2413 fortunae
914 2355 989 2414 viris
1008 2356 1052 2415 ito

47 2438 168 2516 scriptu
191 2437 269 2516 rint,
298 2443 333 2496 ut
352 2438 503 2497 mimicum
522 2439 686 2498 verborum
705 2434 865 2497 licentium
889 2438 1051 2498 offectosse

45 2521 230 2599 videantur,
258 2540 315 2600 ego
336 2528 439 2581 tumen
457 2519 521 2581 illis
543 2541 605 2581 uon
621 2523 749 2602 permisi
763 2528 825 2582 turn
838 2520 951 2582 lascive
965 2520 1051 2601 loqui

46 2623 141 2684 quam
155 2603 268 2666 colent.
304 2605 381 2666 Cum
400 2625 472 2686 puro
485 2604 560 2665 libri
574 2612 607 2666 et
621 2607 717 2666 maior
731 2612 764 2666 et
777 2604 889 2666 melior
904 2605 943 2664 ad
957 2607 1051 2665 maie-

46 2695 162 2748 statem
185 2690 265 2748 tucri
285 2689 418 2748 nominis
439 2689 485 2748 tui
500 2687 622 2767 alligato
635 2692 693 2768 sit,
721 2691 899 2749 meminerit
912 2709 975 2749 non
989 2689 1050 2750 nini

11 2770 198 2850 [irreligioso
217 2773 433 2851 purificatione
452 2770 602 2832 lustratos
624 2772 775 2833 accedere
798 2772 837 2833 ol
856 2771 974 2854 templo
996 2771 1050 2832 de·
1066 2781 1095 2840 ,·

45 2859 136 2916 berc.
174 2855 264 2931 Quod
283 2862 318 2915 ut
339 2856 561 2918 custoditurum
582 2876 631 2917 me
649 2853 765 2918 lecturi
785 2858 902 2934 colunt,
929 2857 1050 2936 inipso

43 2937 151 2999 libelli
170 2939 261 2999 buiur
281 2936 387 2999 limine
407 2940 550 3020 profiteri
570 2940 751 3001 brevissimo
764 2938 883 3020 placuit
897 2942 1050 3022 epigram-

44 3030 140 3083 mote.
515 3107 528 3166 Ι

88 3217 277 3296 Laurigeros
293 3215 426 3297 domini,
445 3218 545 3297 liber,
562 3220 719 3281 'intrature
733 3228 863 3302 penaten

131 3302 225 3364 Dirce
238 3301 563 3376 verecuuloonuctiun
579 3321 634 3363 ore
648 3302 744 3383 loqui.

87 3383 178 3445 Nulo
192 3385 307 3446 recole
322 3387 445 3461 Vcnun3
466 3407 529 3446 nou
546 3393 595 3448 est
608 3393 678 3448 tuuc
692 3389 753 3447 iste
767 3385 909 3448 libellus:

131 3469 183 3530 Tu
196 3471 271 3530 mibi
279 3514 288 3548 ,
309 3476 344 3530 tu
357 3469 459 3532 Pullos
474 3471 671 3546 (lucratione,
690 3473 769 3532 veni.
