2426 3900
462 225 505 289 Μ.
521 225 613 290 VAL.
631 225 856 288 MAR'IIALIS

605 426 710 488 LXIII.

223 549 295 612 Sola
310 549 369 609 tibi
383 546 508 606 fueraut
522 547 683 624 sestertia,
703 544 851 622 Minoae,
873 551 1015 626 seudum,

264 635 350 710 Quae
364 627 437 690 tulit
451 646 470 688 e
485 646 573 689 saara
586 627 673 690 Leda
686 628 849 709 redempta
862 628 919 688 via.

220 716 367 792 Milicho,
388 712 510 780 lururia
525 718 589 790 est,
611 714 638 771 si
652 713 730 772 tanti
745 711 830 772 diser
845 729 973 776 amares.

265 799 356 879 „Nou
370 795 459 856 amo“
473 797 534 856 Iam
547 795 648 856 dIoes:
671 796 748 856 haee
763 813 884 874 qusque
895 792 1018 856 luxuria
1035 809 1097 863 est.

601 954 708 1017 LXIV.

220 1076 300 1135 Ilum
313 1072 405 1133 modo
421 1071 623 1147 causidicum,
645 1071 718 1132 dum
731 1080 763 1131 te
778 1072 870 1133 modo
884 1074 1013 1136 rhetora
1026 1077 1119 1158 fingis

263 1159 306 1218 Et
319 1175 382 1216 nou
397 1154 559 1230 decernis,
580 1154 699 1233 Laure,
722 1156 796 1234 quid
813 1175 883 1216 esse
898 1156 991 1236 velis,

220 1239 335 1300 Peleos
350 1245 384 1299 et
396 1238 512 1298 Priami
527 1237 640 1298 transit
654 1245 687 1298 et
698 1237 840 1300 Nestoris
855 1247 939 1300 aetas

263 1325 305 1383 ut
317 1322 421 1382 fuerat
436 1339 540 1380 serum
553 1322 612 1380 iam
628 1322 687 1380 tibi
698 1321 855 1384 deaIuere.

201 1407 344 1486 oluoipe‚
367 1413 432 1466 tres
448 1424 509 1466 uno
521 1405 686 1482 perierunt
700 1406 845 1468 rhetores
860 1426 956 1480 anuo,

261 1490 297 1552 Si
314 1489 388 1567 quid
401 1489 497 1550 habes
512 1489 620 1562 animi,
643 1489 669 1546 si
685 1488 759 1566 quid
772 1491 805 1550 in
820 1498 887 1549 arte
897 1487 997 1550 soles.

222 1575 256 1634 Si
270 1572 375 1635 sohoIa
391 1572 567 1647 damnatur,
588 1571 776 1634 rorantibus
794 1575 894 1640 omnia
906 1574 1048 1652 fervent,

265 1659 335 1738 Ipse
349 1663 455 1736 potest
467 1656 538 1714 lieri
552 1655 678 1714 Marsua
692 1657 873 1718 causidicos.

219 1741 277 1800 Eia
292 1757 365 1817 age,
387 1757 496 1816 rumpe
511 1757 629 1797 morsa:
653 1757 712 1827 quo
728 1746 761 1798 te
776 1741 966 1819 sperabimus
977 1743 1105 1820 usque‘l

56 1808 59 1814 ¹
179 1833 214 1885 lo
262 1823 342 1882 Ilum
357 1820 432 1902 quid
447 1823 490 1880 sis
504 1820 644 1898 dubitas,
666 1823 725 1880 iam
744 1831 838 1902 potes
852 1841 921 1884 ease
936 1823 1025 1884 nihil.

610 1972 703 2037 LXV.
757 1980 760 1986 '

222 2087 285 2146 Cur
299 2085 471 2148 tristiorem
486 2086 640 2146 ceruimus
652 2083 849 2146 Saleianum?

220 2171 291 2246 „An
307 2187 396 2229 oausa
406 2166 483 2228 levis
500 2169 593 2228 est?“
607 2170 727 2248 iuquis,
748 2165 867 2245 „extuli
882 2169 1042 2234 uxorem.“

220 2255 247 2313 0
263 2252 380 2333 grande
394 2253 451 2313 Isti
466 2253 597 2313 orImeu!
620 2272 638 2312 o
652 2271 776 2330 gravem
790 2253 907 2311 casum!

220 2336 294 2416 IIIa,
313 2336 368 2398 illa
384 2337 469 2398 dives
482 2343 604 2398 mortua
617 2343 667 2398 est
681 2333 875 2411 Secundilla,

199 2423 363 2484 oceuteua
377 2420 504 2480 decIens
520 2438 598 2498 quae
612 2421 670 2480 tibi
685 2419 772 2482 dedit
787 2418 891 2483 dolis?

219 2502 342 2565 Nollem
357 2501 522 2563 accidisset
537 2503 598 2563 hoc
613 2504 687 2582 tibi,
710 2501 860 2568 Salsulae.

604 2667 711 2733 LXVI.
830 2701 832 2704 ·

220 2781 307 2843 Unus
322 2780 362 2842 de
374 2789 443 2870 loto
458 2789 641 2863 peccaverat
655 2785 731 2844 orbe
744 2800 900 2842 comarum
1022 2797 1025 2804 ’

262 2863 398 2944 Anulus,
419 2868 540 2928 Incerta
553 2885 616 2926 non
629 2867 710 2926 boue
726 2867 805 2926 fisus
817 2885 884 2926 acu.

220 2950 289 3010 Hoc
303 2950 422 3010 facium
434 2948 566 3029 Lalage,
588 2949 715 3029 speculo
736 2947 819 3028 quod
835 2947 974 3026 uiderat,
994 2945 1063 3008 ulta
1079 2957 1137 3010 eat

261 3033 304 3094 Et
319 3033 434 3093 cecidit
447 3035 545 3094 saevis
559 3035 621 3094 icta
634 3031 766 3094 Plecusa
779 3033 883 3094 oomis.

197 3116 336 3176 allerias
350 3117 426 3194 iam,
447 3115 578 3196 Lalage,
599 3117 707 3178 tristes
722 3134 834 3177 ornare
849 3114 998 3195 capillos,

263 3199 384 3278 'laugat
398 3206 432 3260 et
444 3200 585 3260 insanum
598 3198 685 3261 nulla
698 3197 806 3281 puella
822 3205 922 3279 rapat.

217 3281 287 3342 lloo
301 3279 494 3344 salamandra
507 3290 596 3344 notet
607 3283 658 3344 vel
675 3302 764 3345 saeva
778 3283 924 3344 novacula
937 3278 1055 3360 nudet,

259 3364 303 3424 Ut
317 3363 409 3444 digua
423 3363 550 3446 speculo
565 3367 620 3425 flat
631 3368 732 3444 imago
745 3373 808 3428 tuo.
929 3381 933 3386 '
983 3380 985 3387 '
