2500 3912
366 709 408 802 ll.
435 705 545 802 lllllll
570 706 793 802 lllllllllhhll
905 713 908 720 ’

493 877 672 956 loculus

240 1025 927 1137 savthhhuh

453 1233 555 1297 LIBER
580 1232 712 1300 PRIMUS.

498 1419 668 1428 ————-

429 1535 667 1602 SATIRA
704 1535 732 1601 Ι.

80 1639 217 1747 Semper
238 1683 294 1744 ego
315 1665 427 1727 auditor
448 1665 575 1728 tantum?
599 1682 788 1744 numquamne
812 1681 968 1743 reponam,

79 1759 218 1818 Venatus
239 1753 325 1813 toties
346 1753 426 1813 rauoi
449 1751 598 1814 Theseide
621 1749 731 1813 Cordi?

81 1842 205 1919 Impune
227 1854 299 1914 ergo
319 1835 386 1896 mihi
408 1837 575 1898 recitaverit
596 1836 646 1898 ille
669 1845 801 1914 togatas,

81 1924 139 1986 Hic
162 1917 286 1998 elegos?
306 1921 421 2000 impune
445 1920 521 1981 diem
544 1921 755 2000 consumpserit
778 1921 881 1996 ingens

82 2005 236 2085 Telephus
255 2013 302 2066 aut
324 2007 426 2065 summi
446 2005 533 2083 plena
552 2005 607 2065 iam
629 2006 757 2082 margine
775 2001 842 2063 lihri
1059 2013 1075 2064 5

83 2092 219 2170 Scriptus
243 2099 272 2148 et
292 2089 321 2148 in
342 2098 428 2167 tergo
446 2108 502 2150 neo
524 2088 589 2149 dum
611 2089 706 2150 finitus
729 2083 872 2147 Orestes?

82 2174 162 2235 Nota
183 2174 275 2252 magis
296 2172 367 2233 nulli
389 2172 490 2234 domus
511 2182 556 2234 est
575 2192 642 2250 sua,
666 2190 750 2251 quam
773 2171 840 2231 mihi
863 2170 946 2231 lucus

83 2257 185 2321 timuis
207 2265 236 2317 et
258 2256 371 2318 Aeoliis
393 2258 516 2318 vicinum
538 2258 657 2336 rupibus
676 2264 786 2317 antrum

84 2342 218 2402 Vulcani.
249 2340 325 2415 Quid
346 2351 432 2419 agant
453 2343 550 2418 venti,
572 2359 644 2420 quas
666 2346 800 2417 torqueat
819 2336 936 2396 umbras

84 2426 220 2500 Aeacus,
243 2425 319 2485 uude
341 2425 414 2486 alius
434 2425 558 2487 furtivae
578 2423 704 2485 devehat
726 2439 825 2482 aurum
1041 2429 1075 2480 10

84 2507 263 2585 Pelliculce‚
286 2518 407 2588 quantos
429 2510 570 2571 iaculetur
592 2506 752 2583 Monychus
776 2521 881 2580 ornos,

83 2593 240 2654 Frontonis
260 2593 367 2672 platani
390 2594 588 2672 convulsaque
610 2608 754 2654 marmora
777 2589 901 2650 clamant

85 2677 211 2756 Semper
230 2685 260 2736 et
281 2677 520 2757 assiduo'ruptae
544 2676 657 2737 lectore
679 2675 845 2736 columnae:

85 2760 252 2838 Exspectes
276 2763 379 2824 ecdem
398 2779 414 2822 a
436 2778 546 2821 summo
568 2761 742 2838 minimoque
766 2767 864 2838 poeta.

84 2843 121 2904 lit
142 2861 197 2904 nos
215 2862 286 2922 ergo
307 2863 420 2907 manum
440 2844 552 2906 ferulae
576 2844 778 2919 subduximus,
802 2851 830 2901 et
849 2857 904 2900 nos
1040 2850 1073 2901 15

85 2926 244 2988 Consilium
266 2929 398 2991 dedimus
422 2929 538 3006 Sullae,
562 2930 690 3008 privatus
713 2937 744 2987 ut
766 2927 852 2987 cltum

84 3011 245 3081 Dormit-en
267 3013 354 3074 stulta
373 3022 418 3074 est
440 3013 608 3091 clementia,
629 3030 715 3091 quum
734 3020 777 3072 tot
797 3009 905 3088 ubique

84 3095 206 3158 Vatibus
228 3113 385 3174 occurres,
408 3099 555 3177 periturae
576 3115 700 3176 parcere
724 3095 851 3156 chartae.

85 3177 144 3240 Cur
164 3189 260 3241 tamen
279 3181 338 3242 hoc
360 3183 456 3260 potius
480 3182 569 3242 libeat
590 3181 748 3241 decurrere
772 3195 889 3257 campo,

84 3262 140 3324 l’er
161 3282 248 3342 quem
268 3283 389 3343 magnus
412 3283 505 3346 equos
525 3265 679 3326 Auruncae
701 3264 782 3326 flexit
804 3262 952 3336 alumnus,
1040 3269 1074 3320 20

84 3349 115 3407 Si
133 3358 219 3411 vacat
241 3366 276 3409 ac
298 3351 407 3428 placidi
429 3351 569 3411 rationem
591 3349 753 3424 admittitis,
777 3346 867 3409 edam.

143 3432 237 3516 Qum
259 3443 344 3494 tener
367 3453 487 3495 uxorem
508 3435 593 3496 ducat
615 3432 723 3512 spado,
742 3430 854 3492 liaevia
877 3427 1001 3488 Tuscum

82 3513 165 3594 Figat
187 3533 289 3595 aprum
312 3527 341 3580 et
360 3517 435 3579 nuda
457 3527 556 3580 teneat
577 3514 721 3578 venabula
743 3531 872 3652 mammep

122 3617 180 3662 cuv,
196 3621 257 3662 sur.
