<?xml version="1.0" encoding="UTF-8"?>
<!DOCTYPE html PUBLIC "-//W3C//DTD XHTML 1.0 Transitional//EN"
    "http://www.w3.org/TR/xhtml1/DTD/xhtml1-transitional.dtd">
<html xmlns="http://www.w3.org/1999/xhtml" xml:lang="en" lang="en">
 <head>
  <title>
</title>
<meta http-equiv="Content-Type" content="text/html;charset=utf-8" />
  <meta name='ocr-system' content='tesseract 3.04.00' />
  <meta name='ocr-capabilities' content='ocr_page ocr_carea ocr_par ocr_line ocrx_word'/>
</head>
<body>
  <div class='ocr_page' id='page_1' title='image "./diuniiiuvenalis02juvegoog_0195.png"; bbox 0 0 2426 3900; ppageno 0'>
   <div class='ocr_carea' id='block_1_1' title="bbox 434 145 826 210">
    <p class='ocr_par' dir='ltr' id='par_1_1' title="bbox 434 145 826 210">
     <span class='ocr_line' id='line_1_1' title="bbox 434 145 826 210; baseline -0.008 -2"><span class='ocrx_word' id='word_1_1' title='bbox 434 148 478 208; x_wconf 89' lang='lat' dir='ltr'>M.</span> <span class='ocrx_word' id='word_1_2' title='bbox 496 148 586 210; x_wconf 73' lang='lat' dir='ltr'>vab.</span> <span class='ocrx_word' id='word_1_3' title='bbox 602 145 826 206; x_wconf 74' lang='lat' dir='ltr'>MAll&#39;l&#39;lALlS</span> 
     </span>
    </p>
   </div>
   <div class='ocr_carea' id='block_1_2' title="bbox 174 296 1056 629">
    <p class='ocr_par' dir='ltr' id='par_1_2' title="bbox 174 296 1056 629">
     <span class='ocr_line' id='line_1_2' title="bbox 174 296 920 375; baseline -0.009 -11"><span class='ocrx_word' id='word_1_4' title='bbox 174 299 312 364; x_wconf 80' lang='lat' dir='ltr'>bTutior</span> <span class='ocrx_word' id='word_1_5' title='bbox 325 299 358 357; x_wconf 95' lang='lat' dir='ltr'>in</span> <span class='ocrx_word' id='word_1_6' title='bbox 374 296 439 357; x_wconf 90' lang='lat' dir='ltr'>sola</span> <span class='ocrx_word' id='word_1_7' title='bbox 453 316 516 357; x_wconf 93' lang='lat' dir='ltr'>non</span> <span class='ocrx_word' id='word_1_8' title='bbox 530 303 579 356; x_wconf 82' lang='lat' dir='ltr'>eat</span> <span class='ocrx_word' id='word_1_9' title='bbox 593 317 659 357; x_wconf 92' lang='lat' dir='ltr'>cum</span> <span class='ocrx_word' id='word_1_10' title='bbox 675 298 773 357; x_wconf 89' lang='lat' dir='ltr'>currit</span> <span class='ocrx_word' id='word_1_11' title='bbox 785 298 920 375; x_wconf 77' lang='lat' dir='ltr'>harena,</span> 
     </span>
     <span class='ocr_line' id='line_1_3' title="bbox 238 379 825 444; baseline -0.002 -1"><span class='ocrx_word' id='word_1_12' title='bbox 238 383 304 444; x_wconf 86' lang='lat' dir='ltr'>Nec</span> <span class='ocrx_word' id='word_1_13' title='bbox 319 399 411 441; x_wconf 85' lang='lat' dir='ltr'>cavea</span> <span class='ocrx_word' id='word_1_14' title='bbox 423 387 510 440; x_wconf 89' lang='lat' dir='ltr'>tauta</span> <span class='ocrx_word' id='word_1_15' title='bbox 525 380 669 440; x_wconf 91' lang='lat' dir='ltr'>conditur</span> <span class='ocrx_word' id='word_1_16' title='bbox 683 380 739 440; x_wconf 92' lang='lat' dir='ltr'>ille</span> <span class='ocrx_word' id='word_1_17' title='bbox 753 379 825 442; x_wconf 86' lang='lat' dir='ltr'>ilde.</span> 
     </span>
     <span class='ocr_line' id='line_1_4' title="bbox 197 463 1056 545; baseline -0.002 -17"><span class='ocrx_word' id='word_1_18' title='bbox 197 467 231 528; x_wconf 91' lang='lat' dir='ltr'>Si</span> <span class='ocrx_word' id='word_1_19' title='bbox 244 469 343 528; x_wconf 83' lang='lat' dir='ltr'>vitare</span> <span class='ocrx_word' id='word_1_20' title='bbox 362 483 469 524; x_wconf 88' lang='lat' dir='ltr'>canum</span> <span class='ocrx_word' id='word_1_21' title='bbox 483 483 620 542; x_wconf 80' lang='lat' dir='ltr'>morsus,</span> <span class='ocrx_word' id='word_1_22' title='bbox 643 463 734 544; x_wconf 89' lang='lat' dir='ltr'>lepus</span> <span class='ocrx_word' id='word_1_23' title='bbox 745 466 903 545; x_wconf 86' lang='lat' dir='ltr'>improbe,</span> <span class='ocrx_word' id='word_1_24' title='bbox 926 467 1056 544; x_wconf 77' lang='lat' dir='ltr'>quaeris</span> 
     </span>
     <span class='ocr_line' id='line_1_5' title="bbox 239 547 859 629; baseline -0.005 -17"><span class='ocrx_word' id='word_1_25' title='bbox 239 550 288 612; x_wconf 84' lang='lat' dir='ltr'>Ad</span> <span class='ocrx_word' id='word_1_26' title='bbox 304 567 381 629; x_wconf 91' lang='lat' dir='ltr'>quae</span> <span class='ocrx_word' id='word_1_27' title='bbox 397 547 555 626; x_wconf 79' lang='lat' dir='ltr'><strong>confugias</strong></span> <span class='ocrx_word' id='word_1_28' title='bbox 570 568 623 608; x_wconf 89' lang='lat' dir='ltr'>ora</span> <span class='ocrx_word' id='word_1_29' title='bbox 641 547 741 607; x_wconf 88' lang='lat' dir='ltr'>leonis</span> <span class='ocrx_word' id='word_1_30' title='bbox 754 550 859 609; x_wconf 88' lang='lat' dir='ltr'>babes.</span> 
     </span>
    </p>
   </div>
   <div class='ocr_carea' id='block_1_3' title="bbox 579 683 684 743">
    <p class='ocr_par' dir='ltr' id='par_1_3' title="bbox 579 683 684 743">
     <span class='ocr_line' id='line_1_6' title="bbox 579 683 684 743; baseline 0.01 -1"><span class='ocrx_word' id='word_1_31' title='bbox 579 683 684 743; x_wconf 88' lang='lat' dir='ltr'>XLlX.</span> 
     </span>
    </p>
   </div>
   <div class='ocr_carea' id='block_1_4' title="bbox 130 795 951 2968">
    <p class='ocr_par' dir='ltr' id='par_1_4' title="bbox 130 795 951 2968">
     <span class='ocr_line' id='line_1_7' title="bbox 199 795 823 875; baseline -0.01 -15"><span class='ocrx_word' id='word_1_32' title='bbox 199 799 256 860; x_wconf 85' lang='lat' dir='ltr'>Vir</span> <span class='ocrx_word' id='word_1_33' title='bbox 272 797 439 860; x_wconf 82' lang='lat' dir='ltr'>Celtiberis</span> <span class='ocrx_word' id='word_1_34' title='bbox 457 817 519 856; x_wconf 92' lang='lat' dir='ltr'>non</span> <span class='ocrx_word' id='word_1_35' title='bbox 533 795 664 857; x_wconf 77' lang='lat' dir='ltr'>tacende</span> <span class='ocrx_word' id='word_1_36' title='bbox 679 797 823 875; x_wconf 82' lang='lat' dir='ltr'>gentibus</span> 
     </span>
     <span class='ocr_line' id='line_1_8' title="bbox 239 875 787 961; baseline -0.005 -19"><span class='ocrx_word' id='word_1_37' title='bbox 239 881 432 961; x_wconf 79' lang='lat' dir='ltr'><strong>Nostraeque</strong></span> <span class='ocrx_word' id='word_1_38' title='bbox 447 880 512 941; x_wconf 88' lang='lat' dir='ltr'>laus</span> <span class='ocrx_word' id='word_1_39' title='bbox 526 881 710 960; x_wconf 84' lang='lat' dir='ltr'>Hispaniae,</span> <span class='ocrx_word' id='word_1_40' title='bbox 786 875 787 878; x_wconf 59' lang='grc'>’</span> 
     </span>
     <span class='ocr_line' id='line_1_9' title="bbox 199 961 819 1042; baseline -0.008 -15"><span class='ocrx_word' id='word_1_41' title='bbox 199 966 329 1027; x_wconf 79' lang='lat' dir='ltr'>Videbis</span> <span class='ocrx_word' id='word_1_42' title='bbox 344 963 455 1042; x_wconf 82' lang='lat' dir='ltr'>altam,</span> <span class='ocrx_word' id='word_1_43' title='bbox 477 965 654 1040; x_wconf 86' lang='lat' dir='ltr'>Liciniane,</span> <span class='ocrx_word' id='word_1_44' title='bbox 675 961 819 1040; x_wconf 81' lang='lat' dir='ltr'>Bilbilin,</span> 
     </span>
     <span class='ocr_line' id='line_1_10' title="bbox 240 1047 664 1129; baseline -0.005 -19"><span class='ocrx_word' id='word_1_45' title='bbox 240 1051 337 1129; x_wconf 80' lang='lat' dir='ltr'>Equis</span> <span class='ocrx_word' id='word_1_46' title='bbox 355 1055 389 1109; x_wconf 88' lang='lat' dir='ltr'>et</span> <span class='ocrx_word' id='word_1_47' title='bbox 405 1050 497 1108; x_wconf 90' lang='lat' dir='ltr'>armis</span> <span class='ocrx_word' id='word_1_48' title='bbox 511 1047 664 1125; x_wconf 78' lang='lat' dir='ltr'>nobilem,</span> 
     </span>
     <span class='ocr_line' id='line_1_11' title="bbox 177 1131 940 1212; baseline -0.005 -18"><span class='ocrx_word' id='word_1_49' title='bbox 177 1133 375 1212; x_wconf 75' lang='lat' dir='ltr'>bsenemquo</span> <span class='ocrx_word' id='word_1_50' title='bbox 390 1133 498 1192; x_wconf 79' lang='lat' dir='ltr'>Gaium</span> <span class='ocrx_word' id='word_1_51' title='bbox 514 1132 648 1208; x_wconf 82' lang='lat' dir='ltr'>nivibus,</span> <span class='ocrx_word' id='word_1_52' title='bbox 669 1131 806 1192; x_wconf 80' lang='lat' dir='ltr'>effractis</span> <span class='ocrx_word' id='word_1_53' title='bbox 821 1150 940 1190; x_wconf 90' lang='lat' dir='ltr'>sacrum</span> 
     </span>
     <span class='ocr_line' id='line_1_12' title="bbox 242 1215 659 1294; baseline -0.007 -16"><span class='ocrx_word' id='word_1_54' title='bbox 242 1215 474 1278; x_wconf 75' lang='lat' dir='ltr'><strong>Vadaveronem</strong></span> <span class='ocrx_word' id='word_1_55' title='bbox 487 1217 659 1294; x_wconf 84' lang='lat' dir='ltr'>montibus,</span> 
     </span>
     <span class='ocr_line' id='line_1_13' title="bbox 197 1298 771 1378; baseline -0.002 -18"><span class='ocrx_word' id='word_1_56' title='bbox 197 1299 240 1360; x_wconf 77' lang='lat' dir='ltr'>nt</span> <span class='ocrx_word' id='word_1_57' title='bbox 256 1298 384 1360; x_wconf 81' lang='lat' dir='ltr'>delicati</span> <span class='ocrx_word' id='word_1_58' title='bbox 400 1299 490 1359; x_wconf 85' lang='lat' dir='ltr'>dulce</span> <span class='ocrx_word' id='word_1_59' title='bbox 506 1298 635 1359; x_wconf 87' lang='lat' dir='ltr'>Boterdi</span> <span class='ocrx_word' id='word_1_60' title='bbox 649 1318 771 1378; x_wconf 81' lang='lat' dir='ltr'>nemus,</span> 
     </span>
     <span class='ocr_line' id='line_1_14' title="bbox 241 1382 666 1463; baseline 0.005 -20"><span class='ocrx_word' id='word_1_61' title='bbox 241 1384 378 1444; x_wconf 84' lang='lat' dir='ltr'>Pomona</span> <span class='ocrx_word' id='word_1_62' title='bbox 393 1382 474 1463; x_wconf 91' lang='lat' dir='ltr'>quod</span> <span class='ocrx_word' id='word_1_63' title='bbox 489 1382 565 1442; x_wconf 83' lang='lat' dir='ltr'>felix</span> <span class='ocrx_word' id='word_1_64' title='bbox 579 1389 666 1445; x_wconf 88' lang='lat' dir='ltr'>amat.</span> 
     </span>
     <span class='ocr_line' id='line_1_15' title="bbox 201 1464 814 1548; baseline -0.002 -22"><span class='ocrx_word' id='word_1_65' title='bbox 201 1466 316 1548; x_wconf 76' lang='lat' dir='ltr'>&#39;l&#39;epidi</span> <span class='ocrx_word' id='word_1_66' title='bbox 331 1469 449 1528; x_wconf 87' lang='lat' dir='ltr'>natabis</span> <span class='ocrx_word' id='word_1_67' title='bbox 462 1465 536 1528; x_wconf 85' lang='lat' dir='ltr'>lene</span> <span class='ocrx_word' id='word_1_68' title='bbox 552 1466 692 1545; x_wconf 80' lang='lat' dir='ltr'>Congedi</span> <span class='ocrx_word' id='word_1_69' title='bbox 707 1464 814 1526; x_wconf 84' lang='lat' dir='ltr'>vadum</span> 
     </span>
     <span class='ocr_line' id='line_1_16' title="bbox 158 1549 755 1632; baseline -0.007 -19"><span class='ocrx_word' id='word_1_70' title='bbox 158 1560 193 1613; x_wconf 91' lang='lat'>10</span> <span class='ocrx_word' id='word_1_71' title='bbox 240 1550 416 1632; x_wconf 79' lang='lat' dir='ltr'>Mollesque</span> <span class='ocrx_word' id='word_1_72' title='bbox 431 1552 638 1632; x_wconf 70' lang='lat' dir='ltr'><strong>Nympharum</strong></span> <span class='ocrx_word' id='word_1_73' title='bbox 653 1549 755 1626; x_wconf 83' lang='lat' dir='ltr'>lacus,</span> 
     </span>
     <span class='ocr_line' id='line_1_17' title="bbox 201 1634 888 1715; baseline -0.001 -22"><span class='ocrx_word' id='word_1_74' title='bbox 201 1635 317 1710; x_wconf 76' lang='lat' dir='ltr'>Quibus</span> <span class='ocrx_word' id='word_1_75' title='bbox 331 1637 492 1696; x_wconf 87' lang='lat' dir='ltr'>remissurn</span> <span class='ocrx_word' id='word_1_76' title='bbox 507 1655 618 1715; x_wconf 80' lang='lat' dir='ltr'>corpur</span> <span class='ocrx_word' id='word_1_77' title='bbox 634 1637 785 1713; x_wconf 79' lang='lat' dir='ltr'>astringas</span> <span class='ocrx_word' id='word_1_78' title='bbox 800 1634 888 1693; x_wconf 85' lang='lat' dir='ltr'>brevi</span> 
     </span>
     <span class='ocr_line' id='line_1_18' title="bbox 242 1717 686 1798; baseline 0.002 -21"><span class='ocrx_word' id='word_1_79' title='bbox 242 1717 373 1797; x_wconf 80' lang='lat' dir='ltr'>Solone,</span> <span class='ocrx_word' id='word_1_80' title='bbox 396 1720 448 1797; x_wconf 91' lang='lat' dir='ltr'>qui</span> <span class='ocrx_word' id='word_1_81' title='bbox 461 1720 578 1779; x_wconf 88' lang='lat' dir='ltr'>ferrum</span> <span class='ocrx_word' id='word_1_82' title='bbox 594 1717 686 1798; x_wconf 83' lang='lat' dir='ltr'>gelat.</span> 
     </span>
     <span class='ocr_line' id='line_1_19' title="bbox 200 1801 797 1882; baseline -0.002 -21"><span class='ocrx_word' id='word_1_83' title='bbox 200 1803 374 1863; x_wconf 76' lang='lat' dir='ltr'>Praestabit</span> <span class='ocrx_word' id='word_1_84' title='bbox 387 1801 453 1862; x_wconf 92' lang='lat' dir='ltr'>illic</span> <span class='ocrx_word' id='word_1_85' title='bbox 469 1804 535 1882; x_wconf 81' lang='lat' dir='ltr'>ipsa</span> <span class='ocrx_word' id='word_1_86' title='bbox 549 1801 685 1882; x_wconf 85' lang='lat' dir='ltr'>figendas</span> <span class='ocrx_word' id='word_1_87' title='bbox 699 1820 797 1882; x_wconf 82' lang='lat' dir='ltr'>prope</span> 
     </span>
     <span class='ocr_line' id='line_1_20' title="bbox 206 1885 672 1966; baseline 0.006 -20"><span class='ocrx_word' id='word_1_88' title='bbox 206 1903 207 1906; x_wconf 72' lang='grc'>’</span> <span class='ocrx_word' id='word_1_89' title='bbox 242 1887 385 1946; x_wconf 80' lang='lat' dir='ltr'>Voberca</span> <span class='ocrx_word' id='word_1_90' title='bbox 398 1885 565 1966; x_wconf 86' lang='lat' dir='ltr'>prandenti</span> <span class='ocrx_word' id='word_1_91' title='bbox 581 1888 672 1950; x_wconf 85' lang='lat' dir='ltr'>feras.</span> 
     </span>
     <span class='ocr_line' id='line_1_21' title="bbox 159 1969 808 2049; baseline -0.005 -18"><span class='ocrx_word' id='word_1_92' title='bbox 159 1971 311 2032; x_wconf 70' lang='lat' dir='ltr'>ledesma</span> <span class='ocrx_word' id='word_1_93' title='bbox 326 1988 455 2029; x_wconf 81' lang='lat' dir='ltr'>serenos</span> <span class='ocrx_word' id='word_1_94' title='bbox 473 1987 566 2029; x_wconf 88' lang='lat' dir='ltr'>aureo</span> <span class='ocrx_word' id='word_1_95' title='bbox 581 1971 706 2049; x_wconf 83' lang='lat' dir='ltr'>franges</span> <span class='ocrx_word' id='word_1_96' title='bbox 723 1969 808 2049; x_wconf 81' lang='lat' dir='ltr'>&#39;fago</span> 
     </span>
     <span class='ocr_line' id='line_1_22' title="bbox 243 2053 705 2129; baseline 0.002 -17"><span class='ocrx_word' id='word_1_97' title='bbox 243 2053 399 2113; x_wconf 87' lang='lat' dir='ltr'>Obscurus</span> <span class='ocrx_word' id='word_1_98' title='bbox 413 2055 530 2113; x_wconf 87' lang='lat' dir='ltr'>umbris</span> <span class='ocrx_word' id='word_1_99' title='bbox 545 2056 705 2129; x_wconf 81' lang='lat' dir='ltr'>arborum3</span> 
     </span>
     <span class='ocr_line' id='line_1_23' title="bbox 130 2136 878 2217; baseline -0.003 -20"><span class='ocrx_word' id='word_1_100' title='bbox 130 2167 134 2174; x_wconf 91' lang='lat'><strong>·</strong></span> <span class='ocrx_word' id='word_1_101' title='bbox 201 2136 327 2197; x_wconf 83' lang='lat' dir='ltr'>Avidam</span> <span class='ocrx_word' id='word_1_102' title='bbox 342 2156 454 2197; x_wconf 86' lang='lat' dir='ltr'>recens</span> <span class='ocrx_word' id='word_1_103' title='bbox 469 2138 632 2197; x_wconf 88' lang='lat' dir='ltr'>Dercenna</span> <span class='ocrx_word' id='word_1_104' title='bbox 648 2136 783 2217; x_wconf 88' lang='lat' dir='ltr'>placabit</span> <span class='ocrx_word' id='word_1_105' title='bbox 797 2138 878 2197; x_wconf 79' lang='lat' dir='ltr'>sitim</span> 
     </span>
     <span class='ocr_line' id='line_1_24' title="bbox 241 2221 734 2301; baseline 0 -20"><span class='ocrx_word' id='word_1_106' title='bbox 241 2222 283 2281; x_wconf 76' lang='lat' dir='ltr'>lut</span> <span class='ocrx_word' id='word_1_107' title='bbox 297 2221 418 2300; x_wconf 86' lang='lat' dir='ltr'>Nutha,</span> <span class='ocrx_word' id='word_1_108' title='bbox 440 2239 517 2301; x_wconf 89' lang='lat' dir='ltr'>quae</span> <span class='ocrx_word' id='word_1_109' title='bbox 531 2222 626 2281; x_wconf 79' lang='lat' dir='ltr'>vincit</span> <span class='ocrx_word' id='word_1_110' title='bbox 639 2224 734 2282; x_wconf 82' lang='lat' dir='ltr'>nives.</span> 
     </span>
     <span class='ocr_line' id='line_1_25' title="bbox 201 2306 951 2384; baseline -0.004 -19"><span class='ocrx_word' id='word_1_111' title='bbox 201 2307 242 2365; x_wconf 90' lang='lat' dir='ltr'>At</span> <span class='ocrx_word' id='word_1_112' title='bbox 257 2327 324 2366; x_wconf 91' lang='lat' dir='ltr'>cum</span> <span class='ocrx_word' id='word_1_113' title='bbox 339 2307 512 2367; x_wconf 84' lang='lat' dir='ltr'>December</span> <span class='ocrx_word' id='word_1_114' title='bbox 527 2326 618 2366; x_wconf 87' lang='lat' dir='ltr'>canus</span> <span class='ocrx_word' id='word_1_115' title='bbox 631 2311 665 2365; x_wconf 87' lang='lat' dir='ltr'>et</span> <span class='ocrx_word' id='word_1_116' title='bbox 678 2307 786 2366; x_wconf 89' lang='lat' dir='ltr'>bruma</span> <span class='ocrx_word' id='word_1_117' title='bbox 798 2306 951 2384; x_wconf 81' lang='lat' dir='ltr'>impotens</span> 
     </span>
     <span class='ocr_line' id='line_1_26' title="bbox 158 2388 647 2468; baseline -0.002 -18"><span class='ocrx_word' id='word_1_118' title='bbox 158 2396 194 2450; x_wconf 73' lang='lat'>20</span> <span class='ocrx_word' id='word_1_119' title='bbox 242 2388 396 2468; x_wconf 85' lang='lat' dir='ltr'>Aquilone</span> <span class='ocrx_word' id='word_1_120' title='bbox 410 2410 502 2449; x_wconf 91' lang='lat' dir='ltr'>rauco</span> <span class='ocrx_word' id='word_1_121' title='bbox 516 2391 647 2468; x_wconf 79' lang='lat' dir='ltr'>mugiet,</span> 
     </span>
     <span class='ocr_line' id='line_1_27' title="bbox 201 2469 761 2552; baseline 0 -22"><span class='ocrx_word' id='word_1_122' title='bbox 201 2473 314 2552; x_wconf 83' lang='lat' dir='ltr'>dprica</span> <span class='ocrx_word' id='word_1_123' title='bbox 327 2479 453 2552; x_wconf 85' lang='lat' dir='ltr'>repetes</span> <span class='ocrx_word' id='word_1_124' title='bbox 468 2473 653 2532; x_wconf 74' lang='lat' dir='ltr'>&#39;sarraconis</span> <span class='ocrx_word' id='word_1_125' title='bbox 667 2469 761 2532; x_wconf 88' lang='lat' dir='ltr'>litora</span> 
     </span>
     <span class='ocr_line' id='line_1_28' title="bbox 244 2553 614 2634; baseline 0 -20"><span class='ocrx_word' id='word_1_126' title='bbox 244 2556 403 2634; x_wconf 75' lang='lat' dir='ltr'>&#39;l&#39;uamqne</span> <span class='ocrx_word' id='word_1_127' title='bbox 418 2553 614 2614; x_wconf 88' lang='lat' dir='ltr'>Laletaniam.</span> 
     </span>
     <span class='ocr_line' id='line_1_29' title="bbox 201 2635 813 2719; baseline -0.003 -21"><span class='ocrx_word' id='word_1_128' title='bbox 201 2639 245 2698; x_wconf 92' lang='lat' dir='ltr'>lbi</span> <span class='ocrx_word' id='word_1_129' title='bbox 260 2636 393 2716; x_wconf 79' lang='lat' dir='ltr'>illigatas</span> <span class='ocrx_word' id='word_1_130' title='bbox 408 2635 552 2697; x_wconf 89' lang='lat' dir='ltr'>mollibus</span> <span class='ocrx_word' id='word_1_131' title='bbox 567 2637 700 2699; x_wconf 80' lang='lat' dir='ltr'>dammas</span> <span class='ocrx_word' id='word_1_132' title='bbox 713 2637 813 2719; x_wconf 79' lang='lat' dir='ltr'>plagis</span> 
     </span>
     <span class='ocr_line' id='line_1_30' title="bbox 243 2717 672 2801; baseline 0.002 -20"><span class='ocrx_word' id='word_1_133' title='bbox 243 2717 394 2781; x_wconf 82' lang='lat' dir='ltr'>Mactabis</span> <span class='ocrx_word' id='word_1_134' title='bbox 410 2729 443 2781; x_wconf 87' lang='lat' dir='ltr'>et</span> <span class='ocrx_word' id='word_1_135' title='bbox 455 2739 566 2781; x_wconf 86' lang='lat' dir='ltr'>vernas</span> <span class='ocrx_word' id='word_1_136' title='bbox 581 2741 672 2801; x_wconf 87' lang='lat' dir='ltr'>apros</span> 
     </span>
     <span class='ocr_line' id='line_1_31' title="bbox 158 2804 921 2886; baseline -0.004 -20"><span class='ocrx_word' id='word_1_137' title='bbox 158 2812 192 2866; x_wconf 73' lang='lat'>25</span> <span class='ocrx_word' id='word_1_138' title='bbox 199 2804 414 2884; x_wconf 87' lang='lat' dir='ltr'>Leporemque</span> <span class='ocrx_word' id='word_1_139' title='bbox 428 2805 506 2865; x_wconf 83' lang='lat' dir='ltr'>forti</span> <span class='ocrx_word' id='word_1_140' title='bbox 520 2805 665 2866; x_wconf 89' lang='lat' dir='ltr'>callidum</span> <span class='ocrx_word' id='word_1_141' title='bbox 682 2824 806 2886; x_wconf 85' lang='lat' dir='ltr'>rumpes</span> <span class='ocrx_word' id='word_1_142' title='bbox 823 2823 921 2885; x_wconf 90' lang='lat' dir='ltr'>equo,</span> 
     </span>
     <span class='ocr_line' id='line_1_32' title="bbox 243 2887 649 2968; baseline 0.007 -20"><span class='ocrx_word' id='word_1_143' title='bbox 243 2889 359 2949; x_wconf 81' lang='lat' dir='ltr'>Gerros</span> <span class='ocrx_word' id='word_1_144' title='bbox 374 2887 534 2968; x_wconf 85' lang='lat' dir='ltr'>relinques</span> <span class='ocrx_word' id='word_1_145' title='bbox 548 2889 649 2951; x_wconf 84' lang='lat' dir='ltr'>vilico.</span> 
     </span>
    </p>
   </div>
   <div class='ocr_carea' id='block_1_5' title="bbox 158 2971 887 3470">
    <p class='ocr_par' dir='ltr' id='par_1_5' title="bbox 158 2971 887 3470">
     <span class='ocr_line' id='line_1_33' title="bbox 201 2971 861 3054; baseline -0.003 -20"><span class='ocrx_word' id='word_1_146' title='bbox 201 2972 310 3034; x_wconf 81' lang='lat' dir='ltr'>Violna</span> <span class='ocrx_word' id='word_1_147' title='bbox 323 2973 356 3032; x_wconf 94' lang='lat' dir='ltr'>in</span> <span class='ocrx_word' id='word_1_148' title='bbox 370 2973 470 3054; x_wconf 91' lang='lat' dir='ltr'>ipsum</span> <span class='ocrx_word' id='word_1_149' title='bbox 485 2971 561 3032; x_wconf 85' lang='lat' dir='ltr'>silva</span> <span class='ocrx_word' id='word_1_150' title='bbox 574 2972 745 3054; x_wconf 81' lang='lat' dir='ltr'>descendet</span> <span class='ocrx_word' id='word_1_151' title='bbox 759 2973 861 3033; x_wconf 91' lang='lat' dir='ltr'>focum</span> 
     </span>
     <span class='ocr_line' id='line_1_34' title="bbox 242 3055 670 3133; baseline 0.005 -18"><span class='ocrx_word' id='word_1_152' title='bbox 242 3055 363 3116; x_wconf 86' lang='lat' dir='ltr'>Infante</span> <span class='ocrx_word' id='word_1_153' title='bbox 379 3059 512 3116; x_wconf 86' lang='lat' dir='ltr'>cinctum</span> <span class='ocrx_word' id='word_1_154' title='bbox 527 3055 670 3133; x_wconf 86' lang='lat' dir='ltr'>sordido;</span> 
     </span>
     <span class='ocr_line' id='line_1_35' title="bbox 200 3139 749 3202; baseline 0 -2"><span class='ocrx_word' id='word_1_155' title='bbox 200 3139 369 3200; x_wconf 89' lang='lat' dir='ltr'>Vocabitur</span> <span class='ocrx_word' id='word_1_156' title='bbox 383 3145 511 3199; x_wconf 83' lang='lat' dir='ltr'>venator</span> <span class='ocrx_word' id='word_1_157' title='bbox 525 3146 559 3199; x_wconf 91' lang='lat' dir='ltr'>et</span> <span class='ocrx_word' id='word_1_158' title='bbox 573 3142 678 3202; x_wconf 82' lang='lat' dir='ltr'>reniet</span> <span class='ocrx_word' id='word_1_159' title='bbox 693 3142 749 3201; x_wconf 88' lang='lat' dir='ltr'>tibi</span> 
     </span>
     <span class='ocr_line' id='line_1_36' title="bbox 158 3223 666 3304; baseline -0.002 -18"><span class='ocrx_word' id='word_1_160' title='bbox 158 3231 195 3286; x_wconf 70' lang='lat'>30</span> <span class='ocrx_word' id='word_1_161' title='bbox 244 3223 378 3283; x_wconf 77' lang='lat' dir='ltr'>Conviva</span> <span class='ocrx_word' id='word_1_162' title='bbox 392 3223 536 3284; x_wconf 88' lang='lat' dir='ltr'>clamatus</span> <span class='ocrx_word' id='word_1_163' title='bbox 549 3243 666 3304; x_wconf 86' lang='lat' dir='ltr'>prope;</span> 
     </span>
     <span class='ocr_line' id='line_1_37' title="bbox 200 3306 887 3388; baseline -0.003 -20"><span class='ocrx_word' id='word_1_164' title='bbox 200 3307 319 3368; x_wconf 86' lang='lat' dir='ltr'>Lunata</span> <span class='ocrx_word' id='word_1_165' title='bbox 332 3325 480 3385; x_wconf 88' lang='lat' dir='ltr'>nusquam</span> <span class='ocrx_word' id='word_1_166' title='bbox 494 3306 588 3387; x_wconf 88' lang='lat' dir='ltr'>pellis</span> <span class='ocrx_word' id='word_1_167' title='bbox 604 3315 637 3367; x_wconf 86' lang='lat' dir='ltr'>et</span> <span class='ocrx_word' id='word_1_168' title='bbox 652 3327 800 3388; x_wconf 86' lang='lat' dir='ltr'>nusquam</span> <span class='ocrx_word' id='word_1_169' title='bbox 815 3313 887 3386; x_wconf 82' lang='lat' dir='ltr'>toga</span> 
     </span>
     <span class='ocr_line' id='line_1_38' title="bbox 244 3387 681 3470; baseline 0.005 -22"><span class='ocrx_word' id='word_1_170' title='bbox 244 3387 415 3470; x_wconf 87' lang='lat' dir='ltr'>Olidaeque</span> <span class='ocrx_word' id='word_1_171' title='bbox 429 3396 532 3449; x_wconf 83' lang='lat' dir='ltr'>restes</span> <span class='ocrx_word' id='word_1_172' title='bbox 547 3393 681 3467; x_wconf 89' lang='lat' dir='ltr'>murice;</span> 
     </span>
    </p>
   </div>
   <div class='ocr_carea' id='block_1_6' title="bbox 0 0 1218 3900">
    <p class='ocr_par' dir='ltr' id='par_1_6' title="bbox 0 0 1218 3900">
     <span class='ocr_line' id='line_1_39' title="bbox 0 0 1218 3900; baseline 0 0"><span class='ocrx_word' id='word_1_173' title='bbox 0 0 1218 3900; x_wconf 95' lang='lat' dir='ltr'> </span> 
     </span>
    </p>
   </div>
  </div>
 </body>
</html>
