2500 3912
488 195 611 241 SATIRA
633 197 680 243 IV.

85 331 157 391 Nam
179 332 248 392 mibi
272 341 414 393 commota
436 334 596 393 iamdudum
620 335 708 394 mulio
731 340 811 414 virga

85 417 206 475 Annuit:
235 434 309 494 ergo
331 416 397 476 vale
421 419 512 476 nostri
532 436 657 494 memor,
682 429 711 478 et
732 424 845 498 quoties
872 432 900 482 te

85 500 176 560 Roma
201 509 250 560 tuo
274 501 356 560 reiici
377 511 582 579 properantem
603 503 707 563 reddet
731 504 857 583 Aquino,

84 583 130 642 lle
155 601 274 663 quoque
297 585 332 644 ad
350 583 500 644 Helvinam
518 583 657 646 Cererem
678 596 863 669 vestramque
883 589 1001 652 Dianam
1025 603 1076 656 3¹20

85 665 232 728 Converte
256 686 272 727 a
295 667 407 728 Cumis:
430 670 580 729 satirarum
603 688 676 748 ego,
701 673 729 730 ni
751 674 842 751 pudet
864 674 941 751 illas,

85 752 207 811 Adiutor
229 752 347 829 gelidos
368 753 482 812 veniam
506 755 646 831 caligatus
671 757 699 813 iu
720 773 820 833 agros.

423 1105 656 1170 SATIRA
691 1106 751 1170 IV.

86 1205 168 1298 Ecce
192 1237 297 1297 iterum
324 1235 488 1315 Crispinus,
514 1247 544 1297 et
565 1247 610 1298 est
629 1236 696 1296 mibi
719 1255 809 1317 saepe
832 1242 980 1301 vocandus

84 1323 127 1382 Ad
150 1329 268 1399 partes,
296 1331 452 1381 monstrum
477 1322 555 1382 nulla
579 1325 685 1382 virtute
706 1322 887 1401 redemptum

86 1407 109 1464 Α
132 1407 227 1480 vitiis,
251 1423 359 1483 aegrae
383 1406 505 1483 solaque
528 1405 646 1467 libidine
668 1406 762 1466 fortes

85 1489 231 1549 Deliciae:
254 1490 355 1549 viduas
380 1499 485 1550 tantum
507 1499 660 1568 spernatur
684 1491 808 1551 adulter.

83 1574 158 1647 Quid
182 1572 274 1633 refert
296 1575 399 1650 igitur,
424 1575 535 1651 quantis
558 1575 682 1633 iumenta
704 1574 809 1652 fatiget

83 1657 264 1732 Porticibus,
289 1667 393 1736 quanta
415 1675 562 1718 nemorum
583 1667 716 1717 vectetur
737 1660 765 1716 in
788 1658 898 1737 umbra,

83 1743 190 1819 iugera
212 1750 283 1818 quot
302 1743 396 1801 vicina
418 1742 499 1816 loro,
523 1760 594 1820 quas
618 1744 718 1801 emerit
742 1739 852 1802 aedes?

83 1826 176 1884 Nemo
199 1824 290 1884 malus
317 1825 403 1900 felix,
426 1827 540 1885 minime
563 1835 717 1905 corruptor
739 1834 768 1885 et
791 1827 866 1887 idem

83 1910 233 1985 Incestus,
257 1927 321 1968 cum
343 1927 400 1988 quo
427 1928 519 1987 nuper
543 1911 643 1970 vittata
669 1910 783 1970 iacebat

82 1995 231 2072 Sanguine
256 1992 349 2052 adhuc
370 1996 437 2053 vivo
461 2003 567 2053 terram
589 1993 717 2054 subitura
739 1994 889 2054 sacerdos.

83 2079 142 2138 Sed
170 2094 245 2136 nunc
266 2077 302 2136 de
323 2077 408 2138 iactis
430 2077 606 2139 levioribus:
634 2087 663 2137 et
685 2088 780 2139 tamen
803 2079 878 2138 alter

82 2165 112 2222 Si
136 2162 260 2222 iecisset
281 2162 373 2237 idem,
397 2163 515 2222 caderet
537 2161 590 2221 sub
612 2163 706 2222 iudice
730 2179 854 2228 morum;

82 2246 154 2306 Nam
179 2245 255 2322 quod
278 2255 362 2324 turpe
384 2245 484 2322 bonis,
508 2246 583 2306 Titio
607 2247 753 2325 Seioque,
778 2246 903 2306 decebat

84 2331 263 2408 Crispinum:
288 2328 356 2408 quid
379 2347 464 2407 agas,
488 2327 573 2409 quum
596 2331 656 2389 dira
680 2340 709 2389 et
730 2330 847 2389 foedior
870 2330 945 2388 omni

84 2413 211 2474 Crimine
234 2430 360 2491 persona
384 2409 449 2473 est?
491 2413 610 2474 lllullum
637 2432 691 2472 sex
723 2412 836 2471 milibus
861 2414 937 2489 emit,

83 2499 266 2576 Aequantem
289 2515 359 2556 sane
382 2498 498 2576 paribus
521 2498 656 2557 sestertia
678 2497 770 2572 libris,

84 2582 121 2642 Ut
144 2582 314 2660 perhibent,
339 2583 387 2660 qui
412 2584 448 2643 de
471 2584 581 2660 magnis
603 2583 711 2642 maiora
738 2581 902 2660 loquuntur.

84 2665 245 2726 Consilium
268 2667 354 2726 laudo
378 2667 512 2742 artificis,
536 2669 560 2726 si
582 2684 700 2726 munere
722 2676 802 2726 tanto

84 2751 273 2828 Praecipuam
293 2753 320 2808 in
342 2750 446 2810 tabulis
473 2769 569 2810 ceram
594 2753 672 2810 senis
699 2750 817 2815 abstulit
839 2749 919 2818 orbi;

84 2834 138 2894 Est
161 2836 235 2894 ratio
257 2835 394 2910 ulterior,
421 2853 542 2913 magnae
563 2837 586 2893 si
611 2837 687 2893 misit
709 2836 828 2909 amicae,

85 2917 169 2990 Quae
190 2918 305 2978 rebitur
329 2919 429 2978 clauso
453 2919 518 2979 latis
541 2919 743 2997 specularibus
768 2928 859 2978 antro.

86 2999 131 3060 Nil
154 3001 214 3062 tale
236 3012 410 3081 exspectes:
435 3005 501 3063 emit
525 3003 589 3062 sibi.
634 3001 723 3062 llulta
743 3003 884 3078 videmus,

86 3085 168 3156 Quae
189 3088 278 3146 miser
300 3095 330 3146 et
352 3087 427 3165 frugi
452 3104 510 3147 non
532 3087 602 3146 iecit
624 3085 761 3164 Apicius!
805 3085 868 3144 lloc
890 3096 930 3162 tu,

88 3170 258 3230 Succinctus
280 3173 373 3250 patria
397 3171 555 3249 quondam,
582 3168 733 3248 Crispino,
757 3187 881 3249 papyro,

87 3251 149 3312 lloc
169 3257 265 3333 pretio
286 3253 456 3333 squamam?
489 3255 584 3316 Potuit
605 3256 731 3314 tortasse
754 3255 871 3313 minoris
937 3247 950 3330 ’ἵ

89 3335 219 3398 Piscator
242 3356 326 3416 qnam
349 3341 439 3418 piscis
462 3341 532 3407 emi;
555 3340 704 3417 provincia
727 3340 797 3398 tanti

87 3418 192 3483 Vendit
214 3440 322 3499 agros,
345 3427 396 3485 sed
420 3425 545 3482 maiores
568 3422 695 3500 Appulia
716 3423 824 3482 vendit.
881 3500 919 3545 ,a
