2426 3900
153 235 197 300 36
476 234 522 299 Μ.
537 235 630 299 vni.
646 237 875 304 Minimus

237 387 333 447 Puret
346 377 512 467 purpureis
527 403 602 467 uper
617 388 777 466 ernistum

239 471 364 550 Turpes
378 467 489 531 esseda
505 468 588 549 qnod
602 471 730 530 trahunt
743 472 885 534 bisontes

236 553 280 615 llt
293 551 405 614 molles
419 551 495 614 dure
509 555 592 614 iussu
608 552 690 633 quod
706 555 836 616 choreus

196 636 333 716 10Nigrc
345 635 440 699 belua
452 656 515 698 non
529 643 623 717 negat
636 637 802 717 mugistro:

238 722 314 799 Quis
328 719 504 802 spectacula
518 739 581 782 nun
595 726 685 802 putet
700 720 851 784 deorum!

237 805 325 866 lluec
339 806 453 866 transit
465 803 584 882 tamen,
606 810 641 864 ut
653 805 789 885 minure,
812 805 952 886 quisquis·

237 888 376 953 Venetus
388 885 522 950 humiles
537 887 623 948 videt
635 886 780 968 leonum,

238 974 324 1051 Quos
336 970 427 1036 velox
440 972 582 1054 leporum
596 973 689 1033 timor
703 972 821 1052 fatigat.

196 1057 421 1136 15nimittunt,
443 1062 591 1138 repetunt
609 1062 771 1135 amantque
786 1063 893 1140 ceptus

237 1141 280 1204 Et
294 1140 435 1202 securior
450 1142 546 1202 estin
562 1157 616 1200 ure
631 1137 765 1220 praede,

237 1224 338 1284 Luxus
354 1221 494 1286 uuidere
508 1224 695 1303 perviosque
709 1223 806 1284 rictus

239 1305 384 1369 Gaudent
398 1313 431 1368 et
446 1305 570 1368 timidus
584 1313 696 1367 tenere
711 1305 840 1386 dentes,

238 1388 371 1452 Mollem
385 1390 530 1471 frangere
547 1390 618 1450 dum
632 1389 730 1471 pudet
748 1391 903 1472 rupinum,

194 1473 349 1538 nostratis
363 1494 432 1536 cum
445 1473 536 1535 modu
548 1475 693 1535 uenerint
706 1475 852 1556 iuuencis.

238 1559 325 1620 llaec
342 1558 507 1619 clementis
520 1576 583 1619 non
595 1563 723 1638 paretur
738 1562 820 1638 crte,

238 1641 303 1704 Sed
317 1648 433 1704 norunt
451 1645 501 1703 cui
515 1643 651 1702 serviant
663 1638 783 1704 leones.

643 1773 708 1836 GV.

145 1877 148 1884 ’
239 1887 275 1948 ln
289 1884 508 1964 Nomentanis,
530 1884 636 1964 Ovidi,
659 1883 741 1964 quod
755 1885 892 1946 nuscitur
906 1885 998 1966 unuln,

280 1970 412 2050 Accepit
426 1970 569 2050 quotiens
585 1975 727 2051 tempora
739 1967 831 2049 longe
845 1987 981 2050 merum,
1023 2023 1024 2026 ,

237 2054 331 2117 Exuit
345 2071 459 2116 unnnsu
473 2073 575 2116 mures
589 2072 763 2133 nomenque
778 2060 904 2114 senecta

279 2138 321 2200 lit
337 2135 488 2218 quidquid
500 2136 616 2217 voluit,
637 2141 718 2198 testu
732 2143 859 2200 vocetur
873 2156 957 2200 unns.

636 2270 714 2334 cvl.

236 2385 412 2468 Interponis
427 2404 535 2465 uquam
550 2381 697 2462 subinde,
718 2381 817 2460 Rufe,

237 2469 280 2530 Et
294 2471 322 2528 si
337 2469 459 2546 cogeris
474 2488 492 2526 ι
507 2465 628 2545 sodale,
650 2485 751 2528 rurum

236 2549 335 2610 Diluti
350 2551 430 2610 bibis
444 2551 564 2609 unciam
576 2549 715 2616 Falerni.

236 2631 392 2712 Numquid
407 2629 548 2713 pollicita
563 2635 684 2698 esttibi
699 2636 821 2694 beatum

216 2715 370 2778 5Noctcm
383 2715 498 2778 Nueviu
513 2718 694 2797 sobriusque
708 2718 802 2779 mavis

237 2801 351 2862 Certae
364 2801 520 2881 nequitias
535 2801 720 2862 lututiunls‘l

136 2905 137 2910 ¹
236 2883 396 2965 Suspirus,
416 2886 549 2964 retices,
568 2886 680 2964 gemin:
702 2885 835 2964 negavit.

237 2969 375 3029 Crebros
390 2987 466 3048 ergo
480 2966 557 3029 licet
570 2969 658 3029 bibus
671 2970 805 3029 trientes

137 3051 138 3056 ’
237 3050 280 3112 Et
294 3049 404 3112 durum
417 3051 537 3132 iugules
551 3071 637 3113 mero
654 3051 804 3115 dolorem.

195 3144 231 3197 lo
238 3133 321 3214 Quid
335 3136 437 3217 percis
454 3136 530 3217 tihi,
552 3135 657 3198 Rufe?
679 3132 894 3198 dormiendum
909 3139 967 3198 est.

631 3270 723 3335 (ΝΠ.

237 3380 338 3462 Saepe
353 3383 429 3444 mihi
444 3381 539 3457 dicis,
558 3381 636 3442 Luci
655 3382 813 3444 carissime
829 3379 904 3461 luli,

278 3464 411 3544 „Scribe
430 3462 547 3542 ailquid
561 3481 716 3542 magnum:
738 3463 912 3526 desidiosus
926 3465 1018 3530 home
1036 3463 1114 3531 οὐ*
