2460 3878
355 199 694 262 hPiGRAMMATON
707 200 781 262 LiB.
799 200 851 264 XI.
1061 203 1124 269 toi

39 399 44 408 .
164 355 251 414 Dixit
263 352 347 413 idem
363 353 506 432 quotiens
519 349 632 428 laaoivo
646 351 720 412 luuo
734 352 894 413 Tonanti?

207 436 267 498 llle
282 443 386 498 tamen
401 434 510 516 granuli
525 455 593 496 cum
607 434 788 514 Ganymede
803 437 894 504 iacet.
988 471 990 478 ,

138 522 349 584 5lncurvabat
363 519 464 598 Hylun
479 520 581 599 posito
599 519 782 598 Tirynthius
798 538 884 580 arcu:

208 606 258 666 Tu
271 604 421 683 Megaran
436 601 538 664 credis
551 620 614 663 nou
629 604 774 664 hubuiaae
789 605 901 664 nates?

163 690 348 769 Torquebat
361 688 519 748 Phoebum
534 687 663 767 Daphne
677 686 820 766 fugitiva:
842 687 899 748 aed
912 686 982 748 illua

206 771 353 852 Oebalius
367 773 500 832 flammas
514 771 604 830 iussit
623 771 709 831 abire
723 788 811 851 puer.

162 859 281 918 Briacis
295 855 422 916 multum
438 854 571 934 quamvia
587 871 693 914 avena
706 855 839 932 iaceret,

117 951 156 1005 lo
205 939 359 1002 Aeacidae
373 939 501 1018 propior
515 935 595 996 levia
609 939 723 999 amicus
738 943 816 997 erat.

162 1026 264 1086 Parce
278 1025 339 1084 tuia
353 1023 448 1100 igitur
463 1019 538 1080 dare
553 1021 686 1082 mascula
699 1021 823 1081 nomina
838 1022 947 1100 rebus,

206 1109 318 1187 Teque
332 1111 407 1187 puta
421 1122 555 1182 cunnos,
574 1123 668 1181 uxor,
689 1105 807 1165 hahere
822 1103 909 1168 duoa.

547 1237 653 1300 XLIV.

162 1352 265 1412 Orbus
281 1369 315 1410 ea
331 1355 363 1410 et
377 1347 535 1430 locuples,
558 1356 591 1410 ct
604 1350 700 1411 Bruto
718 1349 845 1412 consule
860 1359 949 1430 qatua

203 1436 282 1495 Ease
295 1435 354 1494 tibi
368 1452 456 1494 verus
471 1432 574 1494 crealis
590 1435 760 1494 amicitiani
800 1445 805 1456 “

164 1519 244 1580 Sunt
257 1535 365 1595 verae,
387 1516 443 1578 aad
460 1536 533 1598 quaa
546 1518 681 1594 iuvenis,
703 1537 777 1596 qum
792 1536 910 1600 pauper
924 1520 1068 1582 hubebaa.

207 1603 266 1679 Qui
282 1621 377 1688 porus
392 1607 456 1679 eat,
478 1607 609 1660 mortem
625 1599 728 1680 diligit
741 1600 799 1662 ille
815 1609 906 1664 tuam.

554 1735 647 1797 XLV.

161 1849 289 1910 lntraati
303 1849 446 1928 quotiena
460 1849 629 1927 inacriptae
645 1845 753 1908 limina
767 1846 884 1929 cellae,

205 1933 269 1992 Seu
282 1950 361 2013 puer
376 1932 497 2009 arriait,
518 1933 582 1998 aive
598 1929 705 2013 puella
719 1932 793 2010 tibi,

162 2017 336 2078 Gonteutua
350 2034 412 2075 non
427 2015 593 2075 cusoribus
608 2014 739 2094 veloque
754 2034 904 2097 aeraque,

206 2101 431 2179 Secretumque
445 2100 534 2159 iubeo
551 2097 697 2178 grunffiua
712 2117 781 2160 ease
795 2100 863 2160 tibi.

142 2182 326 2248 50hlinitur
341 2185 483 2243 minimae
499 2185 525 2242 ai
541 2202 600 2261 qua
616 2190 665 2243 cat
679 2184 808 2264 suspitio
824 2184 919 2244 rimae

205 2269 384 2346 Punctaque
398 2265 511 2328 luaciva
526 2285 604 2346 quae
619 2269 821 2327 terebrantur
837 2287 902 2328 acu.

162 2351 259 2413 Nemo
276 2357 325 2412 eat
342 2357 405 2412 tam
416 2351 520 2411 teneri
538 2357 598 2409 tam
612 2348 802 2430 sollicitique
816 2351 960 2432 polonia,

204 2437 264 2513 Qui
279 2434 328 2496 vel
342 2435 501 2517 paelicum,
524 2435 698 2513 cantharo,
720 2432 770 2495 vel
783 2434 888 2497 futuit.

546 2583 652 2646 XLVI.

11 2649 19 2828 l
163 2699 226 2759 lam
240 2699 300 2757 uiai
316 2716 374 2778 per
389 2717 527 2759 somnum
541 2717 604 2758 non
618 2697 728 2776 artigia
744 2704 777 2757 et
791 2699 866 2776 tibi,
887 2698 1009 2775 Maeui,

11 2839 13 2858 ,
206 2782 319 2862 lucipit
332 2783 365 2841 iu
379 2781 499 2842 medio·
516 2784 634 2843 meiere
650 2799 744 2862 verpa
758 2779 873 2860 pedes,

11 2871 13 2914 i
164 2863 317 2925 Truditur
331 2871 365 2926 ct
380 2864 484 2944 digiti·
498 2883 657 2947 pannucea
668 2862 805 2925 mentula
818 2863 925 2941 lassis,

11 2939 13 2970 '
203 2948 270 3009 Nec
282 2947 366 3010 levat
384 2951 552 3010 extinctum
566 2947 734 3009 sollicitata
748 2954 847 3029 caput.

11 3013 14 3158 q
143 3032 248 3110 tQuid
262 3033 393 3094 mineroa
406 3033 525 3095 frustra
539 3051 655 3094 cunnos
670 3031 819 3114 culoaquc
833 3030 986 3095 lucensio?

11 3165 13 3170 ι
202 3115 326 3185 Summa
340 3123 446 3197 petam
464 3114 532 3178 illic
547 3114 685 3178 mentula
701 3117 776 3178 vivit
787 3137 872 3181 anua.

541 3251 661 3314 XLVII.

164 3362 273 3425 0muia
286 3365 431 3427 femineia
447 3385 541 3447 quare
559 3363 673 3426 dilecta
687 3364 819 3426 catervio

205 3446 323 3514 Bulueu
338 3447 455 3510 devitat
468 3450 617 3511 huttura?
645 3451 692 3510 Nc
705 3449 816 3511 futuat.
