2528 3876
358 198 698 260 EPIGRAMMATON
710 198 785 262 LIB.
799 199 864 261 ΧΗ.
1071 201 1132 288 301

561 400 667 463 LXIX.

174 512 227 573 Sic
241 519 387 592 tanquam
401 511 521 573 tabulas
536 514 747 593 scyphosquc,
770 511 883 592 Paule,

174 596 289 656 Omnes
304 597 489 677 archetypos
504 598 600 657 habes
616 596 738 657 amicos.

566 730 659 791 LXX.

172 842 285 904 Lintea
298 843 401 903 ferret
414 844 499 922 Apro
513 845 611 904 vatius
628 863 696 903 oum
709 841 953 924 vernula-nuper

215 927 256 986 ut
272 946 365 1006 supra
379 925 514 1004 togulam
527 927 612 986 lusca
627 926 754 986 sederet
768 947 861 1005 anus,

172 1010 276 1089 Atque
292 1009 355 1071 olei
369 1009 482 1069 stillam
499 1010 589 1070 daret
604 1009 830 1071 enterocelicus
845 1016 971 1088 unctor,

215 1093 354 1154 Udorum
368 1095 499 1154 tetricus
514 1112 625 1153 censor
641 1100 673 1153 et
687 1113 778 1174 asper
793 1101 869 1154 erat.

151 1176 376 1256 oFrangendos
392 1175 503 1237 calices
521 1176 804 1256 effundendumque
819 1175 988 1238 Falernum

217 1260 391 1338 Clamabat,
414 1261 538 1321 biberet
554 1263 606 1340 qui
620 1260 711 1320 modo
726 1260 808 1322 lotus
822 1280 927 1341 eques.
1050 1301 1063 1328 a

173 1346 200 1406 A
216 1363 291 1404 sene
306 1344 362 1404 sed
376 1349 538 1425 postquam
552 1352 663 1424 patruo
677 1363 792 1405 venere
807 1351 964 1424 trecenta,

216 1428 344 1489 Sobrius
359 1449 375 1488 a
389 1428 519 1488 thermis
534 1430 635 1488 nescit
648 1429 734 1487 abire
749 1429 879 1489 domum.
1004 1451 1007 1461 ·

174 1513 200 1572 0
216 1519 361 1590 quantum
379 1511 512 1572 diatreta
526 1510 631 1571 valent
646 1519 678 1571 et
693 1514 829 1591 quinque
846 1513 972 1572 comati!

118 1596 166 1658 ‘lo
215 1595 320 1674 Tunc,
341 1615 410 1654 oum
424 1613 542 1676 pauper
557 1603 641 1673 erat,
663 1614 725 1654 non
740 1597 866 1655 sitiebat
880 1597 975 1675 Aper.

529 1780 533 1790 .
554 1727 660 1789 LXXI.

172 1840 223 1900 Nil
240 1861 318 1918 non,
339 1841 465 1921 Lygde,
487 1843 563 1910 mihi
581 1861 675 1921 negas
690 1843 826 1920 roganti:

173 1925 215 1984 At
230 1924 489 2003 quondammihi,
511 1925 634 2005 Lygde,
657 1925 701 1985 nil
717 1927 860 2003 negabas.

548 2075 667 2138 LXXII.

172 2187 449 2266 lngeromercatus
464 2209 563 2270 prope
577 2190 666 2248 busto
680 2186 807 2247 latentis
823 2186 917 2266 agelli
933 2237 944 2254 ,

215 2273 257 2331 Et
270 2270 349 2331 male
366 2279 542 2352 compactae
560 2269 689 2331 culmina
702 2269 780 2331 fulta
795 2290 899 2349 casae,

172 2354 300 2415 Deseris
315 2355 462 2432 urbanas,
484 2362 535 2416 tua
549 2355 691 2436 praedia,
713 2355 895 2432 Pannyche,
916 2351 1007 2431 lites,

129 2439 131 2442 ’
213 2439 389 2517 Parvaque,
413 2438 469 2498 aed
483 2441 576 2499 tritae
590 2441 726 2518 praemia
744 2445 830 2498 certa
843 2444 943 2516 togae.

150 2522 391 2601 adrumentum,
413 2521 531 2583 milium
546 2524 757 2603 ptisanamque
772 2522 933 2600 fabamque
948 2517 1071 2580 solebas

213 2605 362 2668 Vendere
376 2608 597 2687 pragmaticus,
621 2626 701 2666 nunc
717 2607 793 2666 emis
807 2604 948 2684 agricola.

544 2740 675 2802 LXXIII.

169 2850 330 2922 Heredem
345 2852 404 2911 tibi
421 2847 487 2928 me,
510 2850 650 2928 Catulle,
673 2850 759 2912 dicia.

169 2935 239 2996 Non
254 2934 394 3014 credam,
413 2937 475 2995 nisi
487 2934 612 3014 legero,
636 2934 767 2995 Catulle.

539 3068 674 3141 LXXIV.

168 3179 248 3240 uum
265 3181 323 3242 tibi
337 3181 472 3241 Niliacus
487 3186 591 3262 portat
607 3180 751 3260 crystalla
765 3179 917 3261 cataplus,

211 3264 328 3345 Accipe
343 3264 382 3325 de
396 3267 478 3325 circo
493 3264 603 3346 pocula
616 3264 777 3326 Flaminio.

168 3347 210 3407 lli
225 3350 320 3424 magis
335 3349 481 3426 audaces,
502 3369 539 3408 an
555 3355 626 3410 sunt
642 3351 694 3426 qui
711 3347 784 3408 talia
797 3349 923 3407 mittunt

211 3432 368 3493 Munera?
389 3433 446 3492 sed
460 3435 598 3512 geminus
615 3431 726 3492 vilibus
743 3451 814 3492 usus
829 3432 920 3490 inest
