2460 3878
325 121 809 236 n1³1unnn1n1ln0nn1nn
1027 123 1091 244 ser
1197 191 1198 238 ς

130 326 368 406 Sollemnesque
383 327 468 386 iocus
483 344 542 386 nee
557 326 660 386 tristis
673 328 808 387 enrmlns
821 330 924 408 poscit

171 414 214 472 Et
228 412 370 491 queritur
383 429 479 488 nugas
494 410 661 470 obticuisse
673 429 765 470 meus.

106 497 314 560 5Mensorum
328 491 432 572 longis
446 492 503 553 sed
516 512 598 552 nune
612 498 699 553 ruent
713 491 771 554 ille
786 493 913 560 libellis.

171 579 290 662 Appia,
313 575 388 657 qnid
401 577 514 656 facies,
535 578 561 638 sl
578 574 658 656 legit
671 577 731 637 istu
744 577 876 646 Macer?

513 709 620 773 xvlfl.

129 827 196 888 Nee
210 830 299 885 voest
313 822 353 884 ad
368 843 474 885 cenum
488 824 624 903 Murius,
646 844 705 885 nee
719 845 846 888 munera
860 827 973 904 mittit,

172 907 400 988 Neespondet,
422 926 481 969 nec
496 906 560 968 volt
576 907 724 987 eredere,
746 906 802 970 sed
817 929 875 972 nec
889 912 992 972 habet.
1053 978 1059 985 ,

131 993 239 1055 'l'urbs
254 999 357 1052 tumen
371 1011 434 1052 non
449 991 555 1069 deest,
577 991 717 1052 sterilem
733 1013 810 1072 quae
825 1001 914 1055 curet
929 996 1065 1058 amicum.

171 1076 276 1140 Eheu!
300 1095 388 1155 quum
402 1075 505 1136 fatuae
521 1081 593 1138 sunt
607 1076 683 1153 tibi,
702 1075 815 1156 Romu,
838 1078 946 1156 togae!

528 1209 607 1271 XIX.

127 1327 195 1387 Nee
210 1326 334 1386 doctum
348 1326 422 1386 satis
439 1333 471 1386 et
484 1346 592 1406 purum
606 1345 763 1405 severum,

129 1408 195 1470 Sed
208 1429 271 1470 nen
286 1408 465 1470 rusticulum
480 1411 571 1470 nimis
583 1408 726 1471 libellum

57 1565 59 1572 Ι
127 1491 274 1554 Facundo
290 1512 359 1554 mea
372 1492 492 1570 Plinio,
514 1493 640 1572 Thulin,

128 1577 143 1638 1
157 1578 281 1657 perfer:
305 1578 408 1638 brevis
423 1575 576 1638 est-leber
588 1584 735 1657 peractae

105 1660 237 1725 5Altum
252 1662 378 1722 vincere
394 1661 548 1722 tramitem
563 1661 710 1724 Suburae.

128 1743 199 1805 lllie
214 1745 341 1825 Orphea
354 1746 496 1825 protinus
514 1744 634 1807 videbis

127 1827 191 1891 Udi
203 1830 322 1888 vertice
336 1827 488 1889 lubricum
504 1829 636 1908 theatri,

128 1912 344 1992 Mirantesque
358 1913 442 1973 feras
457 1932 604 1994 avemque
620 1916 720 1994 regis,

127 1997 260 2075 Ruptum
276 2015 355 2077 quse
370 1997 492 2076 Phryga
507 1996 639 2076 pertulit
653 1998 797 2059 Tenenti.

88 2078 196 2142 lolllie
209 2101 303 2161 parve
318 2081 364 2140 tui
378 2078 485 2140 dumus
499 2081 636 2141 Pedonis

128 2163 255 2225 Caelata
270 2171 318 2224 est
333 2162 454 2244 aquilae
469 2165 590 2246 minure
603 2165 706 2246 pinne.

127 2246 192 2308 Sed
204 2255 401 2328 uetempore
415 2267 478 2307 non
491 2254 546 2308 tue
561 2247 708 2308 disertum

126 2329 237 2392 Pulses
255 2333 342 2392 ebria
356 2333 493 2407 ianuam,
514 2330 628 2392 videto.

129 2415 228 2475 'lutus
244 2415 296 2475 dat
311 2417 442 2476 tetricae
457 2413 525 2474 illes
540 2415 720 2492 Minervae,

83 2498 204 2560 15Dum
220 2506 343 2559 centum
357 2497 463 2559 studet
477 2499 600 2559 auribus
618 2499 754 2559 virorum

126 2583 196 2642 Hoe
212 2581 295 2662 quod
308 2581 431 2643 saecula
445 2579 762 2663 posterique'pnssint
806 2617 809 2624 ·

128 2667 254 2746 Arpinis
270 2685 393 2746 quoque
410 2685 588 2746 comparare
603 2668 727 2728 chartis.

127 2750 220 2811 Serus
235 2752 331 2811 tutior
344 2752 405 2811 ibis
420 2749 460 2810 ud
472 2749 627 2812 lucernas.

126 2835 214 2894 Haec
227 2835 304 2895 here
318 2841 367 2895 est
381 2840 448 2914 tue,
470 2851 537 2894 cum
552 2833 629 2893 furit
643 2833 780 2912 Lyaeus,

80 2918 202 2983 uocum
215 2924 327 2998 regnet
340 2938 427 2996 rose,
450 2937 518 2978 curn
532 2915 657 2978 madent
672 2914 792 2997 capilli:
883 2989 886 2994 Ι

126 3001 216 3063 'l'une
230 3020 279 3063 me
294 3001 345 3063 vel
356 3002 451 3082 rigidi
464 3001 569 3081 legunt
583 3001 726 3062 Catones.

531 3135 597 3196 XX.

125 3251 220 3328 Ducit
236 3249 275 3310 sd
294 3250 445 3310 auriferas
465 3247 546 3328 quod
565 3268 614 3310 me
634 3245 707 3309 Sele
726 3245 870 3308 Celtiber
889 3263 976 3324 om,

168 3332 310 3394 Pendula
326 3332 410 3414 qnod
424 3333 543 3413 patriae
557 3334 660 3393 visere
674 3336 759 3390 tecta
771 3329 867 3408 libet,
921 3327 924 3332 “

124 3417 177 3479 Τιι
194 3419 271 3478 mihi
289 3417 496 3498 slmplicibus,
518 3416 621 3493 Meni,
645 3413 777 3474 dilectus
792 3413 829 3472 sb
848 3411 935 3474 annis
