2430 3894
319 239 658 302 EPIGRAMMATON
670 241 745 306 LlB.
763 242 802 306 V.
1021 243 1082 309 lll

821 355 838 389 d

512 441 606 504 xvn.

123 554 202 614 llum
216 571 347 635 proavos
362 558 526 632 atavosque
539 553 642 614 refers
657 559 691 614 et
704 556 826 615 nomina
840 574 963 636 magna,
987 621 989 625 ,

167 638 245 698 llum
260 636 318 695 tibi
334 640 441 695 noster
456 654 553 715 eques
569 637 695 697 sordida
708 637 846 699 conditio
862 645 927 717 est,

123 722 201 781 llum
215 727 248 781 te
262 723 356 799 posse
373 736 473 798 negas
481 721 541 779 nisi
554 719 635 800 lato,
658 721 777 800 Gellia,
800 721 897 784 clavo,

164 805 306 880 Nubere,
328 803 475 882 nupsisti,
498 803 616 882 Gellia,
638 805 786 866 eistifero.

507 937 613 1000 XVlll.

125 1054 215 1130 Quod
228 1057 288 1116 tibi
302 1055 467 1116 Deccmbri
482 1073 605 1132 menae,
626 1074 687 1134 quo
700 1055 806 1118 volant
820 1076 947 1139 mappae

125 1133 328 1219 Gracilesque
340 1136 456 1217 ligulae
472 1140 618 1217 cereique
634 1140 821 1218 chartaeque

121 1223 163 1284 llt
178 1229 265 1283 acuta
279 1224 404 1284 senibus
418 1230 499 1282 testa
514 1242 582 1282 cum
596 1223 808 1303 Damascenis,

120 1306 253 1366 Praeter
265 1304 390 1366 libellos
402 1305 546 1366 vernulas
561 1305 641 1367 nihil
655 1308 741 1385 misi,

97 1389 268 1452 tFortasse
284 1409 391 1450 avarus
404 1389 510 1450 videar
524 1398 576 1449 aut
588 1391 780 1452 inhumanus.

121 1471 183 1533 Odi
196 1471 320 1535 dolosas
334 1491 495 1533 munerum
509 1481 543 1533 et
556 1472 649 1534 malas
663 1481 756 1535 artes.

119 1556 281 1616 Imitantur
296 1557 401 1617 hamos
416 1555 506 1620 (lona.
535 1557 672 1634 Namque
690 1560 757 1636 quis
771 1558 889 1635 nescit,

119 1639 251 1700 Avidum
265 1648 372 1700 rosato
388 1639 490 1718 decipi
505 1659 623 1700 scarum
640 1641 766 1701 musco?

109 1721 274 1799 'Quotiens
289 1725 385 1783 amico
402 1723 490 1783 diviti
504 1723 583 1783 nihil
599 1723 709 1803 donat,

73 1807 146 1869 100
161 1807 343 1886 Quintiano,
363 1805 503 1867 liberalis
518 1816 567 1867 cst
580 1827 707 1888 pauper.

511 1941 591 2002 xix.

117 2051 154 2112 Si
171 2072 230 2130 qua
243 2053 321 2114 ildes
333 2055 432 2132 veria,
454 2054 625 2133 praeferri,
648 2057 776 2115 maxime
791 2057 922 2136 Caesar,

163 2134 369 2216 Temporibus
385 2145 514 2218 possunt
528 2138 649 2199 saecula
663 2137 748 2200 nulla
761 2142 831 2202 tuis.

117 2219 249 2296 Quando
266 2223 360 2299 magis
376 2219 484 2300 dignos
503 2221 591 2281 licuit
606 2230 747 2302 spectare
765 2224 960 2305 triumphos?

162 2303 290 2380 Quando
302 2305 435 2365 Palatini
448 2304 519 2384 plus
533 2323 676 2364 meruere
691 2304 766 2365 deit

90 2386 285 2448 5Pulchrlor
299 2395 332 2450 et
347 2390 444 2448 maior
459 2407 519 2467 quo
534 2391 590 2448 sub
605 2388 683 2448 duce
697 2389 812 2450 Martia
824 2389 943 2451 Roma?

160 2471 223 2532 Sub
240 2491 299 2550 quo
313 2472 442 2532 libertas
451 2474 599 2552 principe
614 2478 699 2533 tanta
713 2472 796 2533 fuit?

114 2555 175 2615 Est
188 2561 291 2616 tamen
306 2557 367 2617 hoc
379 2557 504 2633 vitium,
521 2556 577 2616 sed
591 2576 653 2617 non
663 2555 751 2634 leve,
773 2560 814 2618 sit
826 2557 903 2618 licet
916 2575 1026 2638 uuum,

159 2637 249 2714 Quod
263 2639 338 2700 colit
350 2641 486 2719 ingratae
499 2659 617 2720 pauper
632 2643 788 2701 amicitias.

113 2723 193 2796 Quis
209 2720 342 2801 largitur
356 2742 432 2803 opes
444 2725 545 2784 veteri
558 2724 683 2804 fidoque
698 2723 812 2802 sodali,

52 2819 99 2870 10
158 2806 221 2865 Aut
236 2825 326 2884 quom
340 2809 540 2886 prosequitur
553 2827 616 2867 non
630 2806 747 2868 alienus
765 2809 884 2886 eques?

107 2889 340 2951 Saturnaliciae
353 2889 478 2969 ligulam
493 2892 613 2951 misisse
628 2891 761 2952 selibrae

158 2972 379 3034 Flammarisve
394 2982 484 3052 ,togae
500 2974 635 3054 scripula
648 2982 713 3035 tota
730 2974 838 3036 decern

102 3058 331 3136 Luxuriant,
353 3058 525 3137 tumidique
540 3066 650 3118 vocant
663 3060 741 3118 haec
755 3053 882 3120 munera
899 3077 1008 3139 reges:

160 3140 220 3215 Qui
236 3149 346 3220 crepet
361 3141 519 3220 aureolos,
540 3141 671 3203 forsitan
683 3163 761 3204 unus
776 3144 847 3204 crit.

38 3241 85 3294 15
96 3228 273 3304 Quatenus
286 3226 320 3286 lui
338 3231 504 3302 nunaunt,
525 3233 593 3287 esto
608 3233 657 3305 tu,
679 3228 809 3305 Cacsar,
832 3227 965 3287 amicus:

155 3306 249 3368 Nulla
264 3307 350 3370 ducis
363 3310 461 3370 virtus
477 3308 596 3370 dulcior
610 3329 679 3372 essa
694 3317 809 3390 potest.

90 3397 173 3459 iarn
190 3390 306 3454 dudum
320 3394 415 3454 tacito
430 3392 533 3473 rides,
556 3394 757 3471 Germanice,
778 3411 870 3452 nasos

151 3473 243 3537 Utile
258 3476 341 3555 quod
355 3478 460 3554 nobis,
484 3477 523 3537 ‹lo
537 3479 595 3539 tihi
610 3476 780 3539 consilium.
