2478 3922
456 171 581 220 sumum
604 171 651 218 vr.
1027 160 1068 223 39

76 312 175 389 Dicet,
200 313 265 391 quis
288 310 402 371 viduam
426 321 617 390 praegnatem
640 312 746 372 iecerit
769 318 799 370 et
821 326 879 389 quo
1016 320 1066 375 405

77 394 189 465 blense;
214 394 319 474 quibus
343 393 440 455 verbis
460 394 631 456 concumbat
654 412 805 475 quaeque,
829 393 922 454 modis
943 404 1024 474 quot.

76 479 231 541 instantem
252 480 317 557 regi
339 479 477 538 Armenio
500 478 667 557 Parthoque
689 487 823 540 cometen

76 564 164 625 Prima
189 563 286 637 videt;
310 563 413 623 lamam
434 580 627 640 rumoresque
648 563 699 624 illa
722 571 857 624 recentes

75 647 190 726 Excipit
215 646 252 707 ad
277 656 394 724 portas,
417 647 558 725 quosdam
582 647 666 718 iacit;
686 649 747 707 isse
768 645 914 726 Niphaten

74 731 104 790 ln
129 730 260 809 populos
281 747 444 809 magnoque
466 730 529 792 illic
550 740 655 792 cuncta
677 749 746 792 arva
767 731 860 791 teneri
1015 741 1067 794 410

74 815 207 891 Diluvio,
235 822 337 875 nutare
361 814 466 892 urbes,
491 814 645 875 subsidere
667 823 773 890 terras,
1097 833 1100 843 ·

73 898 265 978 Quocumque
288 897 316 957 in
337 899 441 975 trivio,
464 900 636 976 cuicumque
661 907 707 957 est
730 897 835 974 obvia,
861 907 968 958 narrat.

112 981 178 1041 Nec
201 991 298 1042 tamen
318 981 348 1041 id
367 983 466 1041 vitium
489 983 582 1058 inagis
604 981 806 1058 intolerabile,
830 999 915 1060 quarn
938 1000 1013 1061 quae

72 1065 193 1126 Vicinos
215 1065 340 1126 humiles
360 1081 468 1143 rapere
491 1073 522 1124 et
546 1065 705 1130 concidere
727 1065 799 1125 loris
952 1077 954 1084 '

70 1148 202 1210 Exorata
225 1149 311 1208 solet.
344 1147 419 1209 Nam
442 1150 466 1208 si
489 1148 641 1210 latratibus
662 1149 713 1210 alti
1016 1160 1067 1214 415

70 1232 254 1312 Rumpuntur
275 1233 386 1308 somni,
409 1232 504 1292 fustes
526 1231 584 1292 huc
606 1235 703 1310 ocius,
727 1232 827 1310 inquit,

69 1317 202 1392 Alierte,
227 1325 315 1395 atque
334 1315 392 1375 illis
412 1314 555 1377 domiuum
577 1316 657 1377 iubet
677 1325 746 1378 ante
767 1317 860 1392 feriri,

69 1400 187 1460 Deinde
211 1417 323 1461 canem.
359 1397 461 1460 Gravis
485 1418 627 1478 occursu,
654 1403 802 1462 teterrima
825 1400 906 1462 vultu

68 1483 180 1544 Balnea
200 1492 289 1543 nocte
311 1483 401 1551 subit;
424 1484 554 1544 conchas
578 1494 608 1544 et
628 1495 725 1546 castra
746 1486 859 1544 moveri

68 1567 167 1626 Nocte
191 1566 287 1636 iubet;
309 1584 414 1644 magno
437 1568 548 1644 gaudet
570 1568 675 1632 sudare
697 1569 827 1645 tumultu,
1015 1579 1067 1631 420

69 1651 166 1729 qurm
190 1650 301 1711 lassata
321 1652 404 1728 gravi
428 1651 599 1713 ceciderunt
619 1653 738 1714 brachia
760 1670 865 1730 messa,

68 1733 203 1796 Callidus
226 1743 257 1794 et
281 1735 386 1795 cristae
410 1734 518 1812 digitos
541 1736 688 1814 impressit
713 1736 818 1816 aliptes

66 1819 112 1878 Ac
135 1836 279 1878 summum
303 1817 433 1880 dominae
456 1819 551 1878 lemur
573 1821 738 1884 exclamare
760 1823 867 1898 coegit.

67 1901 222 1963 Convivae
246 1902 345 1962 miseri
367 1904 479 1964 interea
503 1921 664 1983 somnoque
686 1904 821 1983 tarneque

65 1986 233 2064 Urgentur;
261 1985 377 2046 tandem
396 1987 447 2050 illa
470 1989 549 2047 venit
569 1988 774 2064 rubicundula,
795 1997 885 2050 totum
1014 1996 1065 2050 ms

67 2068 281 2148 Oenophorum
304 2071 423 2146 sitiens,
450 2071 538 2149 plena
562 2073 641 2150 quod
663 2072 790 2132 tenditur
810 2091 881 2133 urna

64 2153 225 2213 Admotum
249 2152 389 2231 pedibus,
411 2153 449 2214 de
471 2173 529 2232 quo
552 2157 697 2216 sextarius
719 2156 794 2216 alter

65 2237 193 2298 Ducitur
218 2245 284 2296 aute
309 2236 419 2313 cibum,
442 2237 571 2298 rabidam
592 2239 722 2298 facturus
745 2241 868 2316 orexim,

65 2320 142 2380 Dum
166 2321 244 2381 redit
267 2329 297 2379 et
320 2321 382 2381 loto
404 2329 512 2380 terram
532 2321 601 2380 ierit
622 2323 770 2380 intestino.

65 2403 264 2465 Marmoribus
288 2404 344 2463 rivi
367 2414 543 2483 properant,
565 2414 666 2465 aurata
689 2403 844 2465 Falernum
1012 2417 1065 2472 430

66 2487 169 2546 Pelris
195 2487 272 2556 olet;
298 2505 363 2548 narn
385 2489 445 2564 sic,
470 2497 612 2568 tamquam
635 2489 692 2550 alta
715 2490 743 2549 in
766 2489 843 2550 dolia
863 2489 967 2568 longus

66 2569 225 2631 Deciderit
246 2589 384 2649 serpens,
410 2571 483 2632 bibit
503 2583 534 2633 et
555 2575 653 2633 vomit.
689 2572 770 2652 Ergo
792 2575 911 2634 maritus

66 2652 198 2715 Nauseat
222 2662 309 2732 atque
332 2656 425 2718 oculis
447 2655 536 2716 bilem
559 2657 729 2736 substringit
750 2659 871 2737 opertis.

108 2737 165 2798 Illa
185 2749 285 2799 tamen
303 2741 436 2817 gravior,
461 2758 553 2820 quae,
575 2760 661 2820 quum
683 2741 867 2802 discumbere
890 2746 998 2822 eoepit,

67 2819 179 2881 Laudat
199 2821 379 2900 Vergilium,
403 2824 549 2903 periturae
571 2827 698 2902 ignoscit
716 2823 843 2903 Elissae,
1009 2834 1060 2890 435

70 2901 231 2966 Committit
252 2914 335 2966 vates
359 2916 388 2967 et
410 2919 573 2987 comparat;
597 2910 664 2970 iude
686 2907 836 2970 Maronem

71 2987 167 3065 Atque
193 2989 251 3050 alia
273 2999 356 3068 parte
377 2992 406 3052 in
427 2995 531 3052 trutina
556 2993 706 3072 suspendit
729 2993 895 3054 Homerum.

73 3068 186 3131 Cedunt
207 3077 404 3151 grammatici,
428 3077 580 3138 vincuntur
600 3077 751 3155 rhetores,
780 3079 871 3138 ornnis

72 3150 168 3215 Turba
185 3163 281 3225 tacet;
304 3175 360 3218 neo
379 3160 566 3237 'causidicus,
591 3179 647 3222 nec
672 3179 783 3240 praeco
809 3163 956 3240 loquetur,

73 3235 172 3299 Altera
193 3257 251 3302 uec
274 3242 392 3302 mulier:
419 3244 576 3305 verborum
596 3253 674 3309 tanta
699 3246 775 3306 cadit
797 3247 855 3312 vis;
1010 3248 1062 3302 440

73 3317 127 3380 Tot
146 3325 256 3401 pariter
283 3325 387 3404 pelves
409 3346 445 3388 ae
466 3328 653 3408 tintinnabula
674 3330 755 3391 dicas

71 3399 192 3465 Pulsari.
227 3409 291 3470 Iam
308 3415 399 3469 ‘nemo
420 3409 520 3490 tubas,
545 3431 630 3473 nemo
658 3430 727 3473 aera
752 3411 869 3485 latiget;
