2426 3900
320 208 659 274 EPIGRAMMATON
672 215 746 279 LlB.
764 216 813 278 lll.
1045 219 1087 285 81

125 367 240 428 Pectus
258 364 399 443 cicadae,
419 384 489 424 crus
506 363 655 445 colorque
670 367 834 447 formicae,

128 450 332 530 Rugosiorem
347 468 415 509 cum
430 466 520 526 geras
535 448 615 509 stola
628 450 766 510 frontem

104 535 169 597 sut
184 551 366 594 araneorum
382 533 517 592 cassibus
533 551 625 613 pares
640 553 799 608 mammam

127 620 204 679 Cum
220 623 395 697 comparata
410 617 540 677 rtetibus
555 618 617 676 tuis
634 635 688 676 ora

125 700 263 762 Niliacus
278 701 391 760 habeat
408 696 584 760 corcodilus
602 706 729 779 angusta

127 783 303 863 Meliusque
318 802 412 844 ranae
427 785 564 862 garriant
578 785 770 844 mvennates

126 869 168 928 Et
186 869 333 928 Atrianus
348 866 468 927 dulcius
484 865 572 927 culex
587 873 691 927 cantet

82 951 304 1029 10Videasque
321 958 465 1030 quantum
481 958 610 1010 noctuae
627 949 734 1010 vident
749 969 856 1028 mane,

129 1037 170 1095 Et
184 1033 263 1095 illud
280 1033 363 1094 oleas
383 1032 464 1112 quod
479 1035 537 1093 viri
553 1032 756 1112 capellarum,

128 1120 169 1178 Et
191 1120 288 1179 anatis
302 1119 416 1178 habeas
433 1119 648 1197 orthopygium
662 1135 783 1177 macrae

130 1203 305 1281 Senemque
320 1203 468 1281 Cynicum
483 1202 585 1261 vincat
600 1219 706 1268 osseus
721 1220 855 1278 cunnum

130 1287 207 1346 Cum
221 1293 254 1346 te
267 1284 397 1346 lucerna
411 1283 574 1345 balneator
588 1287 722 1345 extincta

85 1381 120 1432 15
129 1369 281 1430 Admittat
294 1371 378 1429 inter
396 1370 569 1430 bustuarias
583 1370 742 1444 moechas3

130 1455 207 1514 Cum
222 1455 329 1514 bruma
344 1471 481 1513 mensem
499 1453 539 1512 sit
554 1454 610 1511 tibi
625 1471 683 1532 per
700 1453 867 1530 Augustum

129 1536 283 1617 Regelare
298 1545 403 1597 necte
417 1534 612 1616 pestilentias
627 1536 742 1616 possit:

129 1621 238 1682 Audes
253 1620 401 1682 ducentas
416 1621 562 1700 nuptuire
577 1626 649 1699 post
665 1625 781 1679 mortes

129 1707 300 1784 Virumque
318 1704 445 1764 demens
463 1703 619 1764 cineribus
632 1704 693 1764 tuis
710 1702 832 1781 quaeris

83 1791 268 1852 20Prurire.
298 1787 397 1868 Quid,
412 1788 543 1848 'intuere
559 1789 626 1866 quis
641 1785 717 1848 velit
733 1784 858 1845 aarum?

130 1875 206 1949 Quis
222 1874 381 1952 coniugem
396 1877 446 1949 te,
470 1872 537 1951 quis
551 1872 671 1931 vocabit
685 1887 827 1946 uxorem,

129 1955 322 2018 Philomelus
336 1958 431 2017 aviam
448 1974 536 2034 quam
551 1959 710 2015 vocaverat
725 1951 847 2033 nuperi

130 2040 260 2116 Quodsi
276 2039 405 2101 cadaver
420 2041 516 2118 exigis
531 2048 614 2099 tuum
630 2037 740 2118 scalpi,

129 2125 296 2185 Sternatur
314 2145 331 2184 a
345 2122 461 2185 Goride
476 2121 675 2183 archiclinico
689 2122 807 2197 lectus,

82 2219 119 2272 25
129 2206 343 2269 Talassionem
357 2208 411 2286 qui
425 2214 509 2268 tuum
526 2206 618 2266 dccet
634 2204 733 2281 solus,

127 2292 287 2370 Ustorque
301 2291 408 2352 taedas
426 2291 585 2371 praeierat
600 2307 695 2349 norae
710 2292 838 2366 nuptae:

127 2374 251 2436 intrare
264 2377 297 2436 in
311 2377 403 2437 istum
420 2373 484 2434 sola
498 2375 548 2434 tax
563 2379 668 2453 potest
682 2387 822 2432 cunnum.

511 2507 618 2568 xclv.

127 2622 208 2683 Esse
223 2640 317 2700 negas
333 2627 452 2680 coctum
468 2618 609 2700 leporem
625 2625 789 2703 poscisque
804 2626 934 2706 flagella.

171 2705 288 2783 Maris,
309 2704 407 2782 ltui'e,
431 2711 537 2765 cocum
553 2706 712 2785 scindere,
737 2727 825 2786 quam
839 2709 989 2791 leporem.

522 2839 615 2901 XCV.

126 2950 291 3030 Nunquam
305 2950 383 3012 dicis
399 2970 470 3031 ave,
492 2952 548 3012 aed
563 2943 688 3032 reddis,
710 2953 864 3036 Naerole‚
887 2974 1027 3038 semper,

172 3032 264 3110 Quod
277 3037 365 3115 prior
379 3043 412 3096 ct
424 3056 532 3098 corvus
545 3037 651 3096 dicere
664 3055 756 3118 saepe
773 3037 862 3101 solet.

130 3117 195 3180 Gur
210 3119 270 3179 hoc
286 3127 431 3199 expectas
445 3141 462 3179 a
475 3140 525 3180 me
540 3140 632 3199 rogo,
655 3121 806 3202 Naevole,
830 3123 928 3184 dicas:

171 3200 248 3263 Nam
262 3209 337 3283 puto
353 3223 401 3264 mc
417 3200 544 3282 melior,
566 3204 714 3284 Naevole,
737 3225 795 3267 nec
811 3209 955 3289 priores.

107 3286 273 3347 bl’raemia
286 3285 409 3348 laudato
427 3289 538 3348 tribuit
551 3291 627 3349 mihi
642 3290 756 3350 Caesar
770 3297 903 3367 uterque

173 3369 385 3450 Natorumque
401 3370 488 3432 dedit
502 3373 569 3434 iura
584 3380 713 3454 paterna
726 3376 838 3447 trium3

86 3453 194 3598 M0re
209 3453 298 3533 legor
314 3453 411 3516 inulto
426 3463 593 3535 notumque
608 3475 665 3537 per
681 3455 793 3536 oppida
809 3473 921 3516 nomen

123 3555 196 3601 aar.
