2392 3888
297 239 638 300 EPIGRAMMATON
651 240 725 304 LIB.
742 240 793 302 VI.
990 229 1066 304 '14⁶

153 394 219 453 Hos
234 389 360 451 Hilarus
376 387 472 449 colle·
488 389 605 470 atinga
620 389 703 450 laeta
718 397 815 452 tenet.

86 478 244 557 5Aapice,
267 493 355 552 quam
370 480 457 533 certo
473 470 579 533 videar
592 493 654 534 non
667 473 789 553 ligneus
803 492 858 535 ore

152 561 217 620 Nec
233 558 344 617 devota
358 557 436 616 focis
451 557 585 634 inguinis
601 577 684 617 arma
698 577 818 636 geram,

111 642 176 704 Sed
190 643 265 702 mihi
279 647 432 721 perpetua
444 658 597 718 nunquam
612 643 761 706 moritura
776 660 922 722 cupresso

153 726 300 786 Phidiaca
314 725 415 802 rigeat
428 721 564 782 mentula
580 723 672 802 digna
685 744 784 787 manu.
839 771 845 782 .

112 811 233 886 Vicini,
254 826 381 886 moneo,
402 812 539 892 sanctum
556 806 715 868 celebrate
729 808 875 888 Priapum

63 905 105 958 10
152 893 193 954 nt
206 892 254 953 bis
270 892 408 972 septenis
422 890 541 970 parcite
555 893 722 969 iugeribus.

483 1022 619 1086 LXXIV.

113 1123 222 1187 Medio
240 1123 393 1182 recumbit
410 1123 488 1182 imus
504 1119 559 1181 ille
575 1123 628 1200 qui
642 1120 744 1198 lecto,

114 1206 239 1268 Calvam
250 1203 378 1266 trifilem
394 1206 571 1266 semitactus
587 1212 764 1284 unguento,
814 1247 819 1254 ·

111 1290 268 1369 Foditque
282 1291 380 1348 tonsis
397 1309 451 1348 ora
464 1288 531 1348 laxa
544 1286 702 1366 lentiscis,

111 1375 283 1452 Mentitur,
305 1369 496 1434 Aesculane:
518 1391 580 1432 non
598 1373 692 1432 habet
707 1371 827 1432 dentes.

491 1505 613 1568 LXXV.

112 1609 190 1668 Cum
206 1609 305 1668 mittis
315 1607 478 1668 turdumve
493 1608 568 1666 milri
584 1605 770 1685 quadramve
785 1603 964 1684 placentae,
985 1649 1007 1684 ,

154 1691 226 1751 Sive
239 1691 341 1752 femur
355 1690 490 1771 leporis,
510 1691 574 1750 sive
588 1688 662 1768 quid
676 1690 726 1750 his
741 1687 841 1748 aimile
854 1693 917 1766 est,

110 1773 273 1835 Buccellas
287 1776 407 1836 misisse
422 1780 490 1834 tuas
503 1779 553 1850 te,
575 1773 703 1852 Pontia,
724 1772 812 1836 dicia.

153 1859 218 1918 Has
233 1877 290 1938 ego
306 1878 368 1919 non
382 1859 516 1935 mittam,
536 1857 664 1935 Pontia,
687 1856 744 1919 aed
758 1876 817 1917 nec
832 1853 929 1916 edam.

106 2088 169 2151 Ille
184 2091 263 2149 sacri
276 2086 386 2151 lateris
401 2095 504 2150 custos
519 2089 693 2168 Martisque
709 2087 822 2167 togati,

155 2172 284 2232 credin
299 2173 347 2233 cui
364 2175 471 2233 summi
486 2179 587 2232 castra
601 2173 691 2232 fuere
708 2172 811 2246 ducis,

105 2258 173 2318 llic
187 2258 263 2318 cuitu
279 2262 328 2316 est
340 2257 466 2317 Fuscus.
496 2257 587 2316 Licet
601 2257 678 2334 hoc,
696 2255 852 2331 Fortuna,
873 2255 983 2333 fateri,

153 2337 223 2399 Non
240 2341 331 2401 timet
344 2339 475 2402 hostiles
490 2342 548 2400 iam
563 2339 642 2418 lapis
656 2340 718 2400 iate
731 2339 838 2398 minas.

77 2423 242 2490 5Grande
256 2426 359 2503 iugum
375 2424 491 2485 domita
504 2423 603 2482 Dacus
619 2423 740 2484 cervice
755 2421 878 2501 recepit
1007 2430 1009 2434 '

153 2507 196 2568 Et
209 2506 354 2568 famulum
370 2509 481 2568 victrix
495 2505 637 2588 possidet
651 2508 758 2568 umbra
775 2523 894 2566 nemus.
923 2527 925 2532 ’

474 2619 621 2681 LXXVII.

107 2717 192 2778 (lum
207 2717 249 2776 sia
264 2724 325 2776 tam
339 2737 473 2799 pauper,
497 2739 583 2797 quam
599 2739 658 2779 nec
673 2716 859 2794 miserabilis
874 2719 956 2797 lros,

155 2797 233 2860 Tam
247 2801 382 2880 iuvenis,
405 2822 494 2881 quarn
507 2821 566 2862 nec
581 2803 833 2882 Parthenopaeus
849 2808 931 2876 erat3
1022 2857 1027 2866 .

104 2883 193 2944 Taru'
205 2883 313 2963 fortis,
335 2905 425 2964 quarn
440 2906 512 2965 nec,
528 2905 595 2945 cum
608 2887 766 2963 vinceret,
788 2885 1018 2967 ArtemidornS,

154 2965 237 3042 Quid
252 2973 284 3029 te
300 2968 515 3048 Cappadocum
532 2988 585 3028 aex
602 2988 682 3029 onus·
693 2987 762 3028 ease
776 2969 880 3029 iuvat?

74 3049 240 3118 5Rideris
255 3051 413 3132 multoque
428 3055 522 3132 magis
538 3052 726 3131 traduceris,
746 3053 840 3131 Afer,

153 3134 250 3209 Quam
264 3135 364 3196 nudus
379 3137 480 3198 medio
497 3138 521 3196 si
540 3139 675 3216 spatiere
690 3138 769 3199 foro.

101 3217 180 3282 Non
197 3215 289 3278 aliter
302 3227 491 3280 monstratur
505 3220 593 3280 Atlas
608 3241 675 3282 cum
690 3222 927 3301 compareginno

154 3301 303 3382 Quaeque
317 3305 403 3364 vehit
415 3303 547 3366 similem
561 3304 650 3365 belua
664 3307 752 3384 nigra
767 3304 877 3382 Libyn.

98 3383 264 3450 Invidiosa
279 3388 336 3449 tibi
352 3407 440 3464 quam
456 3390 496 3450 sit
511 3386 641 3464 lectica,
663 3387 821 3467 requiris?

43 3485 90 3538 10
150 3467 221 3528 Non
236 3468 332 3532 debes
346 3471 426 3534 ferri
442 3478 580 3534 mortuus
595 3472 781 3551 hexaphoro.

98 3552 218 3616 Manu.
826 3551 865 3613 10
