2500 3912
470 199 595 248 sorren
616 201 648 246 v.
1011 188 1050 251 25

78 337 188 398 Frivola.
234 337 317 412 Quod
339 358 424 430 Q]
447 341 485 402 ita
508 342 560 414 sit,
586 349 614 398 tu
638 339 788 400 Gaetulum
813 338 1008 416 Ganymedem

79 421 201 500 Respice,
225 441 312 502 qqqm
331 425 422 483 sities.
468 422 570 484 Nescit
590 433 632 483 tot
665 424 779 484 milibus
804 434 917 503 emptus
1017 437 1052 489 60

78 505 238 584 Pauperibus
261 509 385 567 miseere
407 526 496 586 puer:
519 507 572 568 sed
596 509 706 585 forme,
730 508 782 568 sed
806 517 886 568 aetas

77 587 156 666 Digna
178 591 350 669 superoili0;
379 591 493 670 quando
518 591 554 651 ad
578 601 606 652 te
631 594 764 670 pervenit
788 589 861 652 ille?

77 672 182 745 Quando
204 684 323 752 rogatus
344 674 427 735 adest
451 675 563 735 oalidae
586 676 762 755 gelidaeque
784 673 934 735 minister?

76 755 178 835 Quippe
198 759 361 836 indignatur
385 762 478 819 veteri
502 777 607 837 parere
632 759 742 834 clienti,

76 838 201 919 Quodque
224 843 332 922 aliquid
354 860 477 921 poscas,
501 851 531 902 et
552 845 630 922 quod
654 862 686 903 se
710 853 804 904 stante
828 843 992 904 recumbas.
1016 855 1050 908 65

75 921 180 985 llaxima
203 944 335 1005 quaeque
359 927 460 986 domus
484 928 578 986 servis
602 937 648 986 est
671 929 757 1005 plena
781 927 926 1006 superbis.

76 1005 143 1068 llooe
163 1009 231 1069 alius
253 1020 362 1088 quanto
387 1012 522 1090 porrexit
544 1029 688 1070 murmure
712 1028 816 1088 panem
895 1042 899 1051 ·

75 1089 122 1150 Vix
140 1091 269 1171 inactum,
295 1095 410 1155 solidae
435 1096 490 1153 iam
514 1093 627 1152 muoida
649 1093 739 1154 frusta
762 1093 884 1169 farinae,

75 1173 144 1246 Quae
163 1181 316 1254 genuinum
340 1180 469 1256 agitent,
493 1194 550 1236 uon
574 1177 750 1238 admittentia
775 1194 917 1238 morsum:

76 1259 124 1318 Sed
145 1269 222 1322 tener
243 1274 271 1323 et
294 1265 400 1322 niveus
424 1261 564 1340 mollique
587 1261 700 1339 siligine
724 1262 818 1322 faetus
1017 1272 1051 1327 70

75 1341 194 1404 Servatur
216 1347 344 1407 domino.
390 1346 528 1406 Dextram
552 1345 691 1405 oolrilrere
715 1355 878 1414 memento;

76 1427 147 1487 Salva
167 1431 201 1490 sit
222 1441 358 1512 artoptae
381 1430 563 1490 reverentia!
591 1430 668 1508 finge
692 1441 786 1491 tamen
811 1439 839 1489 te

75 1508 266 1592 lmproltulum,
293 1525 431 1594 superest
456 1515 515 1574 illio
536 1517 584 1592 qui
609 1532 719 1593 ponere
741 1523 847 1590 cogat:

75 1593 117 1652 Vis
137 1605 162 1655 tu
182 1601 330 1660 eonsuetis
352 1599 446 1660 audax
471 1599 593 1658 conviva
616 1599 748 1658 canistris

77 1676 174 1754 lmpleri
196 1685 340 1763 panisque
363 1683 403 1743 tui
426 1685 544 1742 novisse
570 1679 779 1743 1111111111-
1016 1691 1048 1746 75

76 1760 177 1824 Seilioet
197 1766 251 1827 hoo
275 1769 392 1844 fuerat,
415 1777 538 1846 propter
562 1767 639 1846 quod
664 1784 754 1844 saepe
777 1766 880 1826 relicta

78 1841 189 1926 Coniuge
210 1871 264 1930 per
285 1861 414 1911 montem
440 1851 593 1911 adversum
614 1850 788 1928 gelidasque
812 1851 926 1910 euourri

77 1925 218 2012 Esquilias,
240 1937 384 1996 fremeret
406 1954 494 1997 saeva
517 1953 604 2014 qllllm
626 1934 767 2012 grandine
790 1951 897 1994 vernus

77 2010 186 2092 luppiter
208 2029 235 2080 et
257 2019 349 2080 multo
373 2019 496 2080 stillaret
518 2019 643 2097 paenula
666 2017 832 2078 nimbo!-

78 2095 185 2177 Aspice,
206 2122 292 2184 quam
316 2103 405 2181 longo
428 2104 573 2164 distendat
598 2113 720 2182 pectore
745 2103 869 2176 lancem,
1016 2112 1051 2164 80

79 2177 145 2252 Quae
166 2184 251 2248 lentur
274 2189 393 2249 domino
417 2188 538 2266 squilla,
567 2196 596 2247 et
618 2187 723 2265 quibus
747 2185 872 2263 undique
897 2193 980 2262 septa

79 2262 232 2347 Asparagis,
256 2291 314 2353 qua
336 2273 482 2350 despiciat
504 2271 636 2330 convivia
660 2269 762 2344 cauda,

77 2343 138 2410 Dum
163 2359 236 2418 venit
272 2356 388 2416 excelsi
413 2353 679 2434 manibussublata
702 2353 838 2410 ministri:

79 2431 128 2492 Sed
146 2435 191 2496 tibi
212 2441 328 2500 dimidio
354 2439 530 2500 constrictus
554 2432 714 2497 o'ammarus
739 2451 795 2493 ovo

80 2512 179 2578 Ponitur
198 2525 302 2602 exigua
325 2523 427 2584 feralis
452 2539 545 2600 coena
569 2520 688 2599 patella.
1015 2528 1050 2581 85

81 2595 135 2674 lpse
155 2602 315 2670 llenairano
338 2609 451 2686 pisoem
473 2607 635 2686 perfundit:
659 2614 688 2664 at
710 2603 773 2678 hio,
795 2603 843 2680 qui

82 2678 187 2748 Pallidus
209 2693 327 2754 affertur
347 2692 454 2752 misero
477 2691 527 2751 tibi
552 2690 661 2765 oaulis,
689 2687 781 2750 olebit

82 2761 240 2844 lanternam
264 2776 335 2837 illud
360 2778 435 2836 enim
458 2776 564 2835 vestris
587 2775 670 2833 datur
694 2771 835 2849 alveolis,
858 2773 935 2852 quod

85 2843 164 2914 Canna
183 2856 364 2939 llioipsarum
386 2878 474 2940 prora
497 2859 632 2919 subvexit
653 2865 749 2924 aouta;

85 2925 187 3012 Propter
205 2946 280 3022 quod
302 2945 413 3004 Romae
436 2963 499 3004 oum
521 2943 653 3002 Boooare
678 2958 763 3001 nemo
785 2940 905 3017 lavatur,
1016 2950 1050 3002 90

87 3011 165 3088 {Quod
186 3034 258 3088 tutos
284 3031 368 3089 etiam
392 3029 460 3089 iaoit
482 3047 498 3088 a
522 3025 707 3105 serpentibus
731 3025 824 3104 atris]

88 3093 171 3163 llollos
192 3113 242 3171 erit
267 3113 389 3188 domini,
414 3130 499 3191 quem
521 3113 596 3170 misit
620 3107 757 3186 Gorsioa,
780 3109 829 3168 vel
852 3126 938 3186 quem

89 3175 319 3258 Tauromenitanae
342 3215 449 3276 rupes,
473 3195 587 3275 quando
612 3211 696 3254 omne
720 3203 870 3272 peractum
893 3199 938 3250 est

91 3257 116 3322 dt
133 3270 179 3332 iam
199 3277 304 3341 deieoit
324 3291 453 3341 nostrum
475 3298 570 3355 mare,
593 3279 659 3338 dum
681 3278 749 3354 gula
774 3277 877 3350 saevit,

91 3341 188 3416 lletibus
209 3365 328 3425 assiduis
353 3366 466 3444 penitus
490 3371 636 3424 scrutante
663 3359 788 3420 macello
1016 3365 1049 3416 95

92 3425 213 3520 Proxima,
235 3465 289 3508 neo
309 3451 431 3528 patimur
453 3447 632 3524 Tyrrhenum
656 3461 794 3504 creseere
816 3442 935 3520 pisoem.
