2478 3922
462 246 587 294 sarran
608 247 684 295 xrrr.
1034 236 1073 299 89

87 386 240 449 Occultum
264 385 413 464 quatiente
436 387 529 446 anino
553 395 663 448 tortore
687 385 857 463 flagellum?
1024 399 1110 478 1964,

86 473 185 534 Poena
207 479 302 535 autem
324 468 482 530 vehemens
503 488 538 531 ao
565 471 655 532 multo
679 472 795 530 saevior
819 471 889 548 illis,

88 555 169 632 Quas
190 562 220 616 et
240 552 394 616 caedicius
417 555 515 632 gravis
540 555 648 616 invenit
671 563 700 614 et
721 553 962 634 Rhadamanthus,

85 637 183 701 Nocte
206 639 313 717 dieque
335 655 417 698 suam
436 646 556 716 gestare
575 639 604 698 in'
626 647 747 717 pectore
770 648 884 700 testem.

88 725 232 802 Spartano
256 723 368 784 cuidam
393 721 545 801 respondit
565 722 666 799 Pythia
688 733 781 800 vates,

84 806 170 868 Hand
191 805 357 886 impunitum
380 806 523 884 quondam
540 805 621 883 iore,
645 807 722 886 quod
744 806 889 869 dubitaret
1021 819 1073 876 too

84 890 259 970 Depositum
282 891 410 951 retinere
433 897 463 951 et
484 889 615 951 incudem
636 892 698 950 iure
723 893 798 953 tueri

84 974 225 1044 Iurando;
247 972 407 1053 quaerebat
429 974 520 1050 enim,
545 992 620 1054 quae
642 975 762 1035 numinis
786 983 866 1035 esset

84 1057 189 1134 biens,
214 1066 299 1126 etan
317 1056 376 1118 boo
396 1056 439 1118 ilii
462 1056 576 1120 facinus
597 1058 734 1119 suaderet
755 1055 894 1138 Apollo?

84 1141 224 1202 Reddidit
247 1149 441 1228 ergo‚metu‘
462 1158 520 1201 nou
542 1140 683 1212 moribus;
708 1151 737 1203 ct
758 1149 854 1202 tamen
875 1158 988 1204 omnem

83 1225 199 1286 Vocem
220 1225 298 1302 adyti
320 1225 434 1302 dignam
455 1225 574 1304 templo¹
587 1243 746 1305 ueramque
768 1225 915 1306 probavit,
1020 1237 1071 1292 205

82 1309 254 1370 Exstinctns
277 1317 337 1371 tota
360 1311 470 1388 pariter
487 1327 551 1371 cum
573 1309 658 1389 proie
681 1311 826 1390 domoque

82 1391 122 1456 Et
147 1394 277 1472 quamvis
298 1393 386 1470 longa
409 1393 541 1454 deductis
565 1403 655 1472 gente
679 1395 859 1474 propinquis.

82 1476 143 1538 Has
163 1479 268 1556 patitur
291 1494 403 1557 poenas
427 1477 570 1556 peccandi
593 1477 657 1540 sola
679 1479 831 1547 voluntas:

83 1560 156 1622 Nam
178 1559 277 1622 scelus
299 1564 375 1622 intra
396 1579 430 1622 se
455 1562 572 1622 tacitum
594 1563 643 1641 qui
664 1565 774 1640 cogitat
796 1562 896 1638 ullum,

2 1687 3 1694 1
83 1644 166 1705 Facti
189 1645 296 1705 crimen
318 1644 423 1706 babet:
451 1645 543 1722 cedo,
566 1645 591 1705 si
615 1655 718 1707 conatu
740 1645 870 1725 peregit!
1018 1657 1071 1710 210

2 1785 3 1806 p
82 1728 227 1808 Perpetua
248 1729 379 1790 anxietas
401 1746 457 1790 nec
478 1746 597 1790 mensae
618 1738 751 1808 temporo
772 1738 880 1807 cessat,

2 1809 3 1860 ἒ
82 1811 229 1873 Faucibus
251 1821 282 1873 ut
301 1812 404 1873 morbo
426 1814 514 1873 siccis
539 1815 672 1893 interque
695 1813 823 1876 molares

80 1895 203 1957 Difficili
226 1906 380 1957 crescente
402 1897 484 1967 cibo;
507 1896 607 1958 Setina
628 1897 759 1959 misellus

82 1978 222 2058 Exspuit‚
246 1978 354 2041 Albani
377 1982 487 2041 veteris
507 1983 637 2059 pretiosa
660 1991 797 2042 senectus

82 2061 241 2142 Displicet;
265 2064 403 2125 ostendas
425 2063 546 2141 meiius,
569 2065 739 2126 densissima
759 2083 830 2144 ruga
1018 2074 1069 2128 215

83 2144 206 2224 Cogitur
227 2147 417 2224 iubentem,
441 2148 523 2209 velut
544 2151 603 2210 acri
627 2148 713 2210 ducta
734 2147 869 2210 Falerno.

81 2227 176 2291 Nocte
199 2229 320 2292 brevem
342 2234 365 2291 si
388 2231 464 2292 iorte
485 2231 604 2293 indulsit
629 2239 699 2293 cura
720 2249 860 2311 soporem

80 2313 118 2374 Iit
143 2322 206 2374 toto
228 2323 344 2377 versata
365 2325 432 2376 toro
453 2313 510 2375 iam
534 2314 662 2374 membra
684 2316 847 2394 quiescunt,

82 2396 227 2458 Continuo
250 2399 387 2478 templum
409 2408 439 2460 et
460 2397 561 2458 violati
582 2399 704 2458 numinis
726 2414 790 2458 aras

80 2480 135 2558 iit,
163 2481 242 2561 quod
264 2484 431 2566 praecipuis
456 2491 582 2543 mentem
600 2479 760 2542 sudoribus
778 2490 873 2559 urget,
1017 2493 1070 2546 tto

81 2564 125 2624 Te
150 2565 283 2626 videtin
306 2567 428 2636 somnis;
453 2575 501 2627 tua
522 2584 607 2629 sacra
631 2574 661 2626 et
683 2567 774 2626 maior
796 2567 891 2646 imago

80 2648 209 2710 Humana
232 2649 329 2711 turbat
350 2651 484 2729 pauidum
506 2653 644 2730 cogitque
666 2650 761 2714 fateri.

79 2732 116 2792 iii
139 2741 220 2810 sunt,
247 2735 296 2812 qui
318 2733 464 2813 trepidant
484 2734 569 2796 etad
590 2735 684 2795 omnia
704 2734 819 2812 fulgura
842 2734 963 2818 pallent,

81 2815 175 2892 Quor
198 2825 295 2893 tonat,
321 2818 469 2878 exanimes
493 2821 585 2897 primo
609 2835 725 2898 quoque
745 2836 888 2878 murmure
912 2820 1005 2894 coeli3

2 2948 3 2964 t
79 2898 146 2959 Non
168 2902 253 2980 quasi
278 2901 414 2961 fortuitus
435 2919 492 2962 nec
513 2912 664 2965 uentorum
685 2901 784 2979 rabie,
812 2901 864 2962 sed
1017 2912 1067 2966 tut

78 2981 171 3044 iratus
195 2985 282 3046 cadat
304 2985 333 3044 in
356 2993 451 3047 terras
473 2995 503 3046 et
524 2987 632 3048 iudicet
654 2987 740 3062 ignis.

78 3065 132 3127 iila
154 3067 226 3146 nibil
248 3070 362 3130 nocuit:
387 3087 455 3130 cura
477 3072 614 3147 graviore
638 3071 754 3129 timetur

78 3147 214 3212 Proxima
236 3161 414 3232 tempestas,
439 3153 520 3214 uelut
542 3153 600 3214 boc
618 3152 706 3214 dilata
731 3170 848 3214 sereno.

77 3233 238 3296 Praeterea
261 3237 363 3298 lateris
386 3237 468 3316 uigili
491 3255 555 3298 curn
578 3237 663 3298 iebre
687 3236 819 3298 dolorem

77 3317 109 3378 Si
131 3337 264 3399 coepere
286 3321 363 3400 pati,
387 3323 505 3381 missum
527 3319 563 3382 sd
584 3340 637 3382 sua
659 3337 785 3400 corpora
805 3322 936 3382 morbum
1016 3327 1068 3380 too

77 3399 188 3464 infesto
210 3404 335 3464 credunt
357 3424 373 3466 a
396 3407 526 3474 numine;
550 3423 620 3466 saxa
642 3406 761 3466 deorum

77 3483 156 3549 Haec
178 3497 210 3548 et
231 3488 292 3550 teia
316 3497 425 3568 putant.
459 3489 604 3550 Pecudem
626 3486 772 3566 spondere
794 3485 906 3546 sacello
