2430 3894
337 195 675 260 naroaammaron
689 195 762 255 nm.
781 195 820 259 v.
901 268 907 276 ,
1037 191 1097 261 ,ιιι

147 349 226 428 Quid
240 367 310 410 esse
324 355 430 408 nostro
446 348 558 407 fortius
572 352 677 426 potest
690 347 809 410 Paeto?

148 435 334 496 Ducentiens
349 433 485 512 accepit,
507 438 657 492 ettamen
671 433 753 492 vivit.

516 563 680 626 xxxviii.

148 673 341 746 Calliodorus
352 683 445 743 hahet
456 700 581 740 censum
596 717 630 725 -
645 683 713 760 quis
724 683 847 743 nescit?
863 719 897 727 -
911 688 1099 764 equestrem,

188 768 298 843 Sexto,
319 764 376 825 sed
391 773 423 825 et
437 765 567 824 tratrem
581 765 776 827 Calliodorus
789 767 892 828 habet.

148 851 378 928 Quadringenta
392 856 494 926 secat,
517 851 568 927 qui
585 847 661 909 dicit
676 851 762 909 σῦκα
774 847 896 928 μέριζει

186 935 256 996 Uno
273 933 375 994 credis
391 951 470 1012 equo
485 950 578 1011 posse
593 932 705 993 sedere
721 931 819 992 duos?

129 1018 230 1096 aonia
245 1037 313 1077 cum
329 1017 427 1077 fratre
442 1017 516 1091 tihi,
540 1015 614 1094 quid
631 1037 699 1077 cnm
715 1016 841 1078 Polluce
855 1015 1009 1077 molestoi

186 1104 255 1163 Non
270 1107 354 1161 esset
367 1099 477 1160 Pollux
492 1100 518 1158 si
534 1102 606 1177 tibi,
630 1102 740 1160 Castor
757 1119 826 1160 cras

146 1187 231 1247 Unus
246 1204 313 1244 cum
330 1187 414 1262 sitis,
437 1184 513 1259 duo,
536 1183 732 1262 Calliodore,
753 1184 880 1246 sedetis.

188 1270 301 1348 Surge:
323 1261 553 1346 σολοικισμὸν,
578 1266 769 1346 Calliodore,
790 1269 876 1328 facis.

146 1356 209 1414 Aut
221 1354 344 1413 imitare
359 1371 455 1432 genus
468 1350 623 1436 Ledae—
634 1372 701 1412 cum
715 1353 814 1413 fratre
830 1352 942 1413 sedere

105 1449 140 1502 10
185 1437 423 1516 Nonpotes—:
435 1436 578 1514 alternis,
598 1435 794 1515 Calliodore,
815 1435 900 1498 sede.

508 1539 646 1633 ιιιιιιιιι.

147 1684 311 1764 Supremas
327 1684 384 1743 tihi
399 1683 527 1742 triciens
543 1683 576 1742 in
590 1700 668 1742 anno

96 1819 101 1828 .
147 1768 286 1848 Signanti
301 1765 438 1843 tabulas,
460 1766 613 1842 Charine,
634 1766 703 1826 misi

146 1850 297 1931 Hyblaeis
312 1848 448 1910 madidas
465 1850 579 1930 thymis
593 1849 761 1928 placentas.

146 1936 272 1996 Defeci:
294 1936 446 1994 miserere
460 1935 536 2012 iam,
558 1933 704 1994 Charine.

124 2021 243 2098 5Signa
258 2019 373 2095 rarius,
395 2023 447 2078 aut
461 2015 558 2076 semel
573 2017 622 2076 fac
638 2013 733 2089 illud,

146 2104 301 2164 Mentitur
316 2109 368 2162 tna
383 2100 466 2180 quod
481 2100 611 2160 subinde
626 2100 728 2170 tussis.

145 2187 276 2247 Excussi
292 2184 474 2261 loculosque
489 2182 712 2262 saeculumque.

146 2272 265 2332 Croeso
281 2269 407 2329 divitior
418 2265 497 2327 licet
510 2267 655 2340 fuissem,

144 2355 196 2416 lro
211 2353 379 2434 pauperior
391 2353 508 2429 iorem,
531 2350 683 2426 Charine,

103 2439 178 2504 l⁰Si
197 2438 344 2498 conchem
359 2438 475 2497 totiens
490 2452 588 2494 meam
604 2450 768 2493 comesses.

555 2573 620 2639 XL.

148 2690 283 2750 Pinxisti
296 2687 470 2764 Venerem,
494 2685 587 2762 colis,
609 2684 824 2764 Artemidoro,
846 2686 1035 2747 Minervam:

188 2773 231 2834 Et
246 2772 384 2848 miraris,
404 2790 480 2850 opus
497 2768 692 2850 displicuisse
706 2770 815 2830 tuum?

546 2903 624 2965 XLI.

146 3018 293 3100 Spadone
311 3039 379 3079 cum
394 3008 437 3079 sls
454 3021 601 3080 eviratior
616 3021 712 3091 fluxo,

144 3103 189 3164 Et
205 3104 375 3163 concubino
391 3102 514 3164 mollior
529 3102 720 3180 Celaenaeo,

145 3188 248 3264 Quem
263 3193 366 3246 sectus
380 3186 479 3247 ululat
494 3189 600 3248 matris
616 3187 747 3247 entheae
762 3185 886 3264 Callus,

147 3269 290 3330 Theatra
304 3269 443 3349 loqueris
458 3279 492 3330 et
505 3270 617 3348 gradus
635 3279 668 3330 et
683 3269 802 3347 edicta,

117 3352 354 3433 §Trabeasque
369 3361 402 3414 et
416 3354 488 3414 ldus
502 3354 675 3434 fibulasque
690 3371 879 3432 censusque,
947 3363 955 3380 ·

142 3437 189 3498 Et
203 3439 355 3517 pumicata
370 3457 524 3518 pauperes
538 3457 628 3499 manu
642 3443 803 3499 monstras.
876 3458 880 3466 ·
