2430 3894
323 203 664 266 EPIGRAMMATON
676 207 750 270 LlB.
766 211 818 274 iv.
1046 211 1089 279 85

130 359 194 422 Sed
207 363 268 422 iam
283 361 417 421 causaris
433 361 620 440 barbamque
636 381 793 442 annosque
806 362 959 446 pilosque.

173 447 199 506 0
215 464 276 504 nox
291 463 381 524 quam
396 442 489 522 longo
506 463 556 523 es,
579 465 656 524 quae
671 446 748 506 facis
764 468 823 508 una
838 452 960 511 senem!
987 443 991 449 ⁵

104 528 212 607 5Quid
225 547 282 588 nos
298 527 447 587 derides?
464 528 542 588 here
562 530 613 608 qui
627 548 722 610 puer,
744 531 856 613 Hylle,
878 535 980 613 fuisti,

170 613 228 673 Dic
242 612 348 690 nobis,
370 610 464 671 hodie
481 632 539 690 qua
555 613 676 672 ratione
693 615 741 674 rir
756 617 812 676 es?

526 743 604 809 Vffl.

127 860 231 921 Prima
246 844 414 919 salutantes
433 865 525 936 atque
541 855 640 917 altera
655 857 790 922 conterit
802 862 895 942 hora,

168 944 304 1004 Exercet
316 961 425 1012 raneos
439 941 534 1001 tortia
549 941 735 1003 causidicos:

125 1028 160 1089 ln
176 1028 313 1107 quintam
327 1025 428 1087 varios
444 1023 585 1086 extendit
599 1024 852 1107 Romalabores,

169 1111 263 1171 Sexta
278 1111 365 1189 quies
379 1106 485 1187 lassis,
508 1109 639 1189 septima
653 1110 724 1170 linis
738 1112 815 1170 orit:

103 1193 254 1258 osufflcit
268 1195 301 1253 in
315 1212 426 1253 nonam
439 1191 550 1253 nitidis
565 1199 671 1252 octava
683 1192 865 1274 palaestris,

167 1279 302 1359 Imperat
317 1283 475 1338 extructos
489 1276 635 1354 frangere
649 1296 730 1337 nona
744 1286 845 1339 toros:

124 1363 212 1423 Hora
225 1359 404 1422 libellorum
423 1357 822 1442 decima'est‚-Eupheme‚
845 1383 998 1448 meorum,

166 1444 337 1526 Temperat
351 1446 517 1505 ambrosias
533 1463 601 1503 oum
615 1451 668 1503 tua
683 1464 755 1506 cura
771 1444 884 1528 dapes,

123 1529 166 1590 Et
181 1530 281 1589 bonus
294 1529 435 1589 aetherio
449 1526 571 1588 laxatur
585 1534 713 1588 nectare
730 1529 844 1590 Caesar

79 1624 115 1677 10
163 1612 348 1692 Ingentique
362 1619 452 1672 tenet
466 1610 576 1692 pocula
591 1630 685 1691 parca
694 1632 797 1688 manu.

122 1696 213 1757 Tunc
229 1694 356 1757 admitte
370 1697 473 1756 iocos:
496 1713 606 1774 gressu
623 1696 713 1756 timet
726 1696 774 1757 ire
788 1696 897 1758 licenti

164 1778 215 1839 Ad
227 1782 408 1841 matutinum
423 1785 529 1840 nostra
544 1776 656 1840 Thalia
670 1779 779 1842 lovem.

533 1928 583 1989 IX.

122 2039 216 2102 Sotoe
232 2039 296 2101 filia
313 2037 434 2120 clinici,
454 2039 599 2120 Fabulla,

120 2125 254 2185 Deserto
269 2126 412 2204 sequeris
427 2122 552 2204 Clytum
567 2126 676 2184 marito

119 2209 161 2269 Et
178 2208 272 2269 donas
287 2215 320 2268 ct
335 2228 429 2269 amas:
453 2208 533 2286 ἔχεις
545 2199 688 2279 ἀσώτως.

538 2336 575 2397 Χ.

119 2451 199 2512 Dum
212 2470 308 2512 novus
323 2459 371 2512 est
385 2471 455 2512 rasa
468 2471 527 2513 nec
543 2451 643 2513 adhue
658 2452 733 2514 mihi
748 2452 854 2512 fronte
868 2450 1011 2534 libellus,

161 2535 278 2614 Pagina
296 2535 366 2596 dum
381 2538 467 2615 tangi
480 2556 542 2597 non
557 2538 639 2598 hene
655 2539 736 2597 sicca
753 2538 859 2616 timet,

117 2618 132 2679 l
146 2637 225 2699 puer
242 2625 274 2679 et
289 2639 359 2680 caro
374 2620 483 2701 perfer
496 2620 566 2681 leve
582 2640 689 2682 munus
706 2623 818 2700 amico,

163 2703 222 2780 Qui
237 2703 352 2764 meruit
362 2722 459 2783 nugas
472 2707 590 2785 primus
605 2706 722 2766 habere
738 2723 830 2767 meas.
906 2742 916 2762 ι

94 2787 240 2866 5Gurre,
261 2785 318 2848 sed
331 2788 519 2848 instructus:
537 2790 703 2850 comitetur
717 2789 832 2849 Punica
846 2786 961 2850 librum

160 2869 311 2951 Spongia:
333 2873 511 2932 muneribus
530 2874 676 2933 convenit
688 2870 745 2933 illa
760 2874 847 2937 meis.

114 2953 187 3016 Non
200 2961 331 3035 possunt
345 2963 469 3016 nostros
485 2955 617 3035 multoe,
639 2956 804 3035 Faustino,
825 2954 938 3018 liturae

158 3037 334 3100 Emendare
352 3041 454 3100 iocos:
476 3060 537 3100 una
550 3038 645 3102 litura
658 3047 772 3121 potest.

165 3161 181 3196 ⁰
527 3171 579 3234 XI.

114 3279 194 3340 llum
209 3281 334 3343 nimium
349 3302 425 3344 vano
442 3287 626 3346 tumefactus
640 3288 765 3347 nomine
780 3286 896 3366 gaudes

157 3365 200 3425 Et
217 3364 415 3428 Saturninum
431 3374 464 3428 te
479 3369 578 3450 pudet
592 3388 678 3449 esse,
700 3373 813 3449 miser,

112 3448 389 3530 Impiul’arrhasio
405 3455 527 3514 movisti
542 3451 626 3513 bella
641 3456 696 3515 sub
711 3473 798 3531 ursa,
