2392 3888
139 168 200 233 198
284 181 286 186 ’
463 169 507 230 Μ.
523 168 614 231 VAL.
633 169 858 233 MARTIALIS

264 337 348 447 ilve,
363 371 404 430 mi
419 371 551 447 Torani,
566 371 666 430 irater
680 372 847 434 carissime.
872 373 1088 455 Epigramma,
1103 376 1163 456 quoi

180 459 267 514 extra
282 453 422 515 ordinem
437 455 614 534 paginarum
636 462 701 534 eat,
721 453 760 514 ad
776 455 961 516 Stertinium
982 457 1163 521 clarissimum

180 539 278 597 virum
298 539 493 618 scripsimus,
521 539 573 616 qui
596 539 760 617 imaginem
774 559 872 599 meam
888 560 1012 621 ponere
1028 545 1060 606 in
1074 543 1162 604 biblio-

179 621 270 681 theca
293 641 347 683 aua
374 619 479 683 voluit.
527 623 574 682 De
603 641 663 702 quo
688 623 886 700 scribendum
907 626 968 684 tibi
993 629 1112 706 putavi,
1135 646 1161 685 ne

156 706 357 784 oignorarea,
387 707 493 766 Avitus
514 708 574 767 iste
590 708 657 785 quis
672 712 844 768 vocaretur.
887 707 969 771 Vale
992 719 1028 770 et
1042 713 1162 792 parabo

180 790 313 869 apitium.

220 987 299 1045 Dum
313 986 402 1046 lanua
416 986 550 1063 hiemes,
574 987 764 1046 Domitianus
780 994 978 1066 auctnmuos,

221 1071 376 1148 Augustus
391 1071 478 1130 annia
492 1070 697 1130 commodabit
712 1077 863 1145 aestates3

220 1154 299 1213 Dum
315 1153 432 1232 grande
446 1152 551 1214 famuli
568 1173 680 1214 nomen
695 1162 815 1215 asseret
828 1155 932 1214 Rheni

222 1238 470 1298 Germanicarum
486 1258 592 1316 magna
606 1238 657 1298 lux
671 1236 891 1313 Kalendarum

201 1321 360 1402 oTarpeia
374 1322 482 1382 sommi
497 1341 567 1382 saxa
583 1320 653 1381 dnm
667 1324 765 1402 patris
779 1325 920 1399 stabunt,

224 1406 299 1465 Dum
315 1425 390 1466 voce
405 1404 534 1488 supplex
549 1405 681 1485 dumque
698 1413 767 1466 ture
782 1405 918 1486 placabit

221 1489 366 1552 Matrona
385 1489 471 1551 divae
489 1488 580 1550 dulce
594 1489 690 1551 Iuliae
704 1509 832 1550 numen:

220 1574 361 1634 Manebit
376 1573 468 1634 altum
483 1573 609 1634 Flaviae
624 1573 718 1633 decus
734 1575 834 1652 gentis

221 1657 298 1718 Cum
313 1657 378 1719 sole
393 1665 426 1718 et
440 1660 531 1719 astris
546 1677 675 1736 cumque
688 1658 762 1718 lucc·
772 1659 914 1718 Romana.

179 1741 334 1802 ltilnvicta
349 1741 499 1822 quidquid
517 1741 656 1803 condidit
674 1761 795 1820 manus,
818 1740 895 1802 caeli
910 1748 970 1803 est.

636 1877 671 1937 11.

219 1989 341 2069 Pauper
356 1990 507 2070 amicitiae
523 2008 591 2049 cum
606 1991 664 2067 sis,
685 1990 788 2070 Lupe,
808 2009 870 2049 non
886 2007 919 2048 cs
936 1992 1072 2069 amicae,

261 2074 302 2133 Et
317 2074 458 2153 queritur
474 2071 513 2132 de
531 2080 562 2132 te
577 2072 713 2134 mentula
729 2074 794 2134 sola
807 2071 895 2133 nihil.

219 2155 273 2217 llla
287 2158 436 2236 siligineis
453 2158 628 2237 plngueacit
643 2157 782 2218 adultera
798 2159 920 2234 connis,

261 2242 423 2302 Convivam
440 2242 540 2321 parcit
553 2243 641 2320 nigra
655 2242 754 2301 forino
766 2247 860 2302 tuum.

195 2324 382 2408 blncensura
397 2327 482 2385 nives
495 2323 635 2385 dominae
651 2326 757 2386 Setina
771 2326 944 2404 liquantur,

260 2409 323 2469 Nos
342 2411 474 2470 bibimus
493 2410 584 2469 Corsi
598 2409 813 2490 pullavcnena
830 2406 904 2469 cadi.

217 2491 329 2572 Empta
341 2495 398 2554 tibi
414 2513 474 2553 nox
488 2499 537 2553 est
551 2492 655 2552 fundi·
670 2493 731 2552 non
748 2498 814 2553 tota
829 2493 987 2572 paternis,

259 2576 349 2636 Haud
365 2597 424 2645 ιιιιι,
434 2576 576 2636 desertus
593 2598 664 2637 rura
679 2576 794 2638 sodalis
808 2583 883 2636 arat.

218 2657 370 2740 Splendet
383 2661 566 2740 Erythraeis
580 2661 742 2741 perlucido
757 2661 884 2720 moecha
898 2657 1043 2740 lapillis,
1067 2685 1072 2694 ·

175 2749 210 2806 10
259 2746 389 2805 Ducitur
405 2745 563 2822 addictus,
585 2753 617 2805 te
631 2747 791 2821 intuente,
813 2743 919 2803 cliens.

217 2828 296 2889 Octo
312 2829 398 2909 Syris
413 2827 537 2889 suffulta
549 2827 640 2890 datur
653 2829 765 2888 lectica
781 2825 921 2909 puellae,

258 2910 378 2972 Nudum
394 2911 569 2991 sandapilae
584 2912 703 2993 pondus
720 2909 833 2972 amicus
848 2911 929 2971 erit,¹

216 2995 230 3055 1
244 3015 324 3056 nnnc
339 3003 372 3056 et
387 2997 531 3074 miseros,
555 2996 690 3076 Cybele,
713 2994 859 3076 praecide
877 2993 1046 3055 cinaedos:

260 3080 346 3140 Hace
362 3074 446 3160 erat,
469 3080 546 3141 haec
560 3080 671 3141 cultris
686 3078 823 3140 mentula
839 3079 930 3157 digna
944 3081 1020 3139 tuis.

634 3216 681 3275 ΙΙΙ.

83 3313 113 3342 ”
219 3322 371 3396 Quantum
385 3325 445 3383 iam
460 3327 597 3404 ruperis,
620 3328 751 3402 Cacsar,
774 3326 922 3405 coeloque
939 3324 1062 3386 dediati

259 3402 294 3460 Si
307 3410 431 3482 repetas
448 3411 480 3466 et
493 3409 521 3466 si
535 3407 674 3468 creditor
691 3427 761 3468 esse
777 3408 869 3487 velis,
