2426 3900
83 99 130 162 ⁴2
408 99 451 159 Μ.
471 98 803 161 mundissimis

172 250 302 332 Spectas
320 249 579 327 eschatocollion,
601 252 732 329 Severe,

171 336 214 397 Et
230 333 338 414 longas
355 335 453 395 trahis
471 335 678 396 oscitationes.

143 420 261 482 silaec
279 424 467 496 sunt,‘·qnae
484 416 647 496 relegente
663 435 713 477 me
730 417 851 479 solebas

172 505 271 582 Rapta
290 503 470 580 excrihere,
488 501 544 562 sed
562 500 747 572 Vitellianis,

170 587 258 646 llaec
275 591 361 662 sunt,
385 585 505 664 singula
521 603 598 665 qnae
616 587 684 645 sinu
700 585 825 647 ferebas

172 671 236 730 Per
251 669 387 729 convivia
406 676 532 747 cuncta,
553 688 611 748 per
629 670 767 747 theatra,

171 754 258 813 Haec
275 761 346 813 sunt
362 759 414 813 aut
429 753 557 813 meliora
574 755 600 812 si
618 773 678 832 qua
697 753 808 813 nescis.

128 849 165 900 10
173 834 254 915 Quid
271 835 400 916 prodest
417 838 491 897 mihi
509 843 571 896 tam
587 854 690 897 macer
706 834 852 918 libellus,

171 919 265 981 Nullo
284 922 415 981 crassior
432 927 467 981 ut
486 922 526 980 sit
544 919 705 998 umbilico,

165 1005 207 1064 :si
223 1009 306 1065 totns
322 1005 380 1064 tibi
398 1005 500 1064 triduo
517 1003 659 1084 legatur?

166 1088 333 1167 ¹Nunquam
351 1087 482 1148 deliciae
501 1089 694 1167 supiniores.·

172 1171 284 1231 Lassus
302 1161 363 1230 tam
381 1174 442 1231 cito
462 1171 568 1230 deiicis
585 1173 700 1248 viator,

131 1255 212 1317 15Et
229 1273 297 1313 cnm
314 1273 441 1315 currere
459 1254 572 1314 debeas
590 1253 741 1333 Bovillas,

171 1339 385 1415 interiungere
402 1339 525 1418 quaeris
545 1336 583 1397 ad
603 1338 775 1398 Camenas?

171 1423 185 1482 1
202 1441 299 1498 nunc,
323 1421 419 1482 edere
435 1441 485 1483 me
502 1422 574 1482 iube
590 1420 725 1483 libellos.

577 1545 641 1607 Vll.

170 1647 331 1708 Declamas
348 1644 451 1723 belle,
472 1664 576 1705 causas
593 1645 673 1730 agis,
695 1644 817 1722 Attice,
840 1642 940 1720 helle,

214 1731 368 1792 Historias
386 1727 502 1806 bellas,
523 1729 656 1786 carmina
673 1725 757 1786 bella
773 1727 866 1804 iacis,

167 1815 338 1895 'Componis
353 1810 439 1873 belle
456 1813 579 1890 mimos,
602 1812 821 1890 epigrammata
838 1809 937 1889 b'elle,

214 1896 321 1958 Bellus
339 1897 568 1976 grammaticus,
588 1892 690 1973 bellus
708 1913 744 1954 es
760 1893 949 1974 astrologus,

147 1983 217 2043 §Et
234 1980 317 2042 belle
336 1988 440 2041 cantas
460 1985 493 2040 et
510 1977 620 2057 saltas,
641 1980 761 2056 Attice,
783 1977 882 2058 helle,

214 2063 318 2126 Bellus
337 2083 370 2124 es
390 2071 457 2124 arte
474 2063 578 2142 lyrae,
601 2060 702 2122 bellus
720 2081 753 2122 es
772 2066 838 2122 arte
853 2061 943 2142 pilae.

111 2173 118 2184 ·
170 2149 225 2210 Nil
240 2151 321 2210 bene
343 2169 410 2208 cum
424 2148 535 2225 facias,
557 2147 651 2206 iacias
669 2151 770 2207 tamen
789 2149 889 2207 omnia
907 2144 1010 2226 belle,

217 2232 272 2296 Vis
291 2232 389 2294 dicam
402 2232 477 2312 quid
493 2232 559 2292 sisi
580 2248 705 2309 magnus
719 2249 753 2290 es
771 2228 897 2295 ardalio.

573 2361 650 2424 Vlll.

166 2458 280 2538 Siqua
296 2460 481 2520 ridebuntur
500 2460 615 2519 chartis
633 2460 705 2537 tibi,
726 2457 843 2538 lector,
862 2459 896 2518 in
913 2459 981 2520 istis

215 2542 285 2601 Sive
305 2545 435 2602 obscura
452 2544 542 2602 nimis
560 2543 623 2602 sive
640 2540 737 2603 latina
754 2562 876 2622 parum,

170 2624 240 2685 Non
259 2643 345 2685 meus
361 2633 410 2687 est
428 2643 533 2687 error:
553 2628 659 2686 nocuit
677 2625 822 2687 librarius
839 2624 902 2687 illis

214 2708 292 2768 Dum
310 2709 458 2790 properat
474 2729 584 2770 versus
599 2729 801 2784 annumerare
818 2703 884 2771 tibi.

145 2791 264 2868 §Quod
281 2795 307 2853 ri
325 2813 387 2854 non
404 2793 507 2872 illum,
527 2793 584 2854 sed
601 2812 650 2854 me
668 2811 814 2874 peccasse
834 2794 973 2874 putabis,

215 2875 304 2936 Tunc
321 2895 379 2955 ego
396 2884 428 2938 te
448 2877 571 2939 credam
590 2876 691 2936 cordis
708 2879 824 2938 habere
840 2875 929 2939 nihil.

167 2957 255 3037 „ista
272 2965 374 3020 tamen
391 2960 470 3022 mala
486 2959 601 3022 sunt.“¹
619 2961 712 3036 Quasi
723 2980 779 3022 nos
790 2961 953 3022 manifesta
963 2977 1135 3040 negemuss

213 3042 299 3104 Haec
318 3043 395 3104 mala
414 3053 503 3125 sunt,
522 3044 579 3105 sed
596 3050 630 3104 tu
647 3063 708 3104 non
727 3044 856 3106 meliora
871 3045 948 3105 lacis

578 3156 628 3218 ix.

167 3250 305 3332 Scripsi,
322 3245 484 3335 rescripsit
501 3255 545 3315 nil
561 3256 689 3331 Naevia,
711 3273 773 3315 non
793 3253 879 3316 dabit
897 3271 981 3334 ergo.

213 3335 277 3396 Sed
293 3342 367 3417 puto
386 3337 468 3416 qnod
485 3339 595 3419 scripsi
611 3338 748 3417 legerat:
770 3357 845 3420 ergo
858 3339 950 3401 dabit.
