2392 3888
109 181 171 246 loo
436 181 480 244 m.
496 183 588 246 vau.
605 184 831 248 manantis
885 131 894 150 Σ

191 334 304 396 Infanti
317 331 476 395 melimela
491 332 563 394 dato
577 333 739 415 fatuasque
753 337 914 400 mariscas:

232 417 308 477 Nam
325 418 419 496 milri,
443 435 520 496 quae
535 419 621 478 uouit
635 437 793 500 pungere,
816 421 892 485 Chia
907 424 999 500 sapit.

575 551 684 615 XXVI.

188 660 403 741 Apollinarem
420 662 550 721 conveni
562 671 679 740 meum,
702 661 837 741 Scazon,

187 747 229 804 ut
243 746 420 822 clamabit,
443 763 483 803 ue
501 741 651 804 molestus
668 744 814 825 accedas,

188 829 256 888 Hoc
271 826 505 908 qualecunque,
528 830 614 888 cuius
630 826 732 908 aliqua
745 848 818 909 pars
830 832 898 912 ipse
912 845 978 912 eat,

188 913 296 973 Dabis:
318 912 379 972 lroc
394 911 515 972 facetae
531 930 656 972 carmen
669 913 807 973 imbuant
821 934 919 980 aures.

190 997 223 1056 Si
239 1002 271 1056 te
289 1002 452 1075 receptum
469 997 577 1055 fronte
591 995 707 1055 videris
722 1003 804 1076 tota,

188 1079 268 1140 Noto
284 1081 409 1158 rogabis
424 1084 460 1140 ut
474 1079 582 1139 favore
595 1086 758 1142 sustentet.

190 1165 311 1239 Quanto
321 1180 482 1240 mearum,
504 1165 581 1241 scis,
604 1181 710 1222 amore
724 1181 871 1242 nugarum

188 1246 329 1325 Flagret:
351 1265 410 1306 neo
424 1249 495 1327 ipse
508 1244 580 1325 plus
594 1265 697 1306 amare
712 1253 745 1307 te
759 1267 891 1327 possum.

190 1331 305 1391 Contra
319 1328 470 1408 malignos
488 1348 558 1389 esse
575 1331 601 1391 si
615 1328 702 1390 voles
716 1337 815 1409 tutus,

17 1457 20 1466 ·
148 1413 398 1495 loApolliuarem
413 1416 546 1474 conveni
560 1431 677 1491 meum,
700 1414 825 1476 Scazod.

568 1561 690 1624 XXVII.
778 1603 784 1616 .

191 1674 312 1735 Tuscae
329 1675 449 1755 glandis
466 1694 541 1756 aper
555 1673 720 1756 populator
736 1682 769 1736 et
782 1675 854 1738 ilice
868 1677 964 1740 multa

232 1759 293 1820 lam
307 1760 414 1840 piger,
436 1757 568 1820 Aetolae
583 1759 665 1820 lama
686 1759 821 1820 secunda
834 1761 939 1840 ferae,

190 1843 288 1917 Quem
302 1861 387 1902 meus
403 1843 530 1903 intravit
544 1841 723 1924 splendenti
737 1843 864 1924 cuspide
879 1846 1016 1928 Dexter,

232 1925 351 1986 Praeda
367 1927 449 1987 iacet
463 1929 578 1987 nostris
593 1927 743 1988 invidiosa
756 1929 845 1990 focis.

169 2009 398 2087 5Piuguescant
412 2009 526 2070 madidi
539 2009 624 2071 laeto
639 2010 750 2071 nidore
764 2018 893 2090 penates

231 2092 360 2173 Flagret
374 2101 406 2154 et
424 2095 526 2154 exciso
544 2095 625 2155 festa
643 2093 744 2154 culina
758 2097 838 2173 iugo.

191 2176 255 2237 Sed
269 2196 360 2238 cocus
376 2179 535 2256 ingentem
550 2181 669 2260 piperis
686 2185 845 2239 consumet
861 2198 1003 2240 acervum

232 2260 337 2321 Addet
351 2269 383 2322 et
399 2281 510 2323 arcano
525 2266 618 2323 mixta
631 2262 765 2322 Falerna
779 2282 862 2341 garo.

190 2345 241 2404 Ad
256 2345 411 2406 dominum
428 2345 556 2424 redeas,
578 2353 686 2406 noster
700 2353 732 2406 te
746 2366 808 2406 nou
824 2347 905 2428 capit
921 2347 1025 2428 ignis,

149 2438 184 2491 10
232 2430 444 2491 Conturbator
458 2449 547 2509 aper:
569 2428 661 2490 vilius
678 2431 789 2490 esurio.

559 2563 694 2626 XXVlll.

190 2673 243 2734 Sic
259 2672 579 2735 Tiburtinaecrescat
594 2677 650 2736 tibi
666 2675 740 2736 silva
753 2677 868 2737 Dianae

231 2757 273 2817 Et
286 2765 437 2838 properet
451 2777 572 2818 caesum
587 2778 680 2839 saepe
695 2759 801 2820 redire
815 2779 937 2838 nemus,

189 2840 255 2901 Neo
272 2842 476 2903 'lartessiacis
490 2841 590 2902 Pallas
605 2849 673 2921 tua,
695 2843 815 2921 Fusce,
834 2845 966 2923 trapetis

233 2924 333 2986 Cedat
348 2932 380 2985 et
393 2925 548 2985 immodici
564 2925 639 2986 deut
656 2929 735 2986 bona
748 2933 847 2987 musta
860 2926 963 3002 lacus3

170 3008 245 3068 oSic
258 3009 327 3068 lora
341 3011 510 3087 mirentur,
533 3011 577 3069 sic
592 3016 624 3068 te
639 3008 752 3090 palatia
765 3007 895 3071 laudent

234 3090 363 3151 Excolat
377 3099 410 3151 et
422 3095 557 3170 geminas
572 3091 706 3173 plurima
719 3092 821 3174 palma
835 3095 935 3155 fores:

191 3177 261 3235 Otia
277 3175 348 3236 dum
362 3175 481 3237 medius
493 3183 632 3256 praestat
647 3178 704 3237 tibi
721 3199 814 3258 parva
831 3179 1023 3260 December,

231 3259 346 3338 Exige,
367 3259 539 3338 sedeone,
563 3279 639 3340 quos
652 3260 748 3340 legis,
768 3281 842 3322 aure
856 3264 949 3322 iocos.

190 3341 303 3418 „Scire
315 3341 395 3402 libet
409 3342 538 3402 verum?
558 3362 610 3403 res
626 3351 675 3404 est
688 3345 767 3404 haec
782 3344 908 3406 ardua.“
940 3343 1004 3405 Sed
1021 3353 1061 3409 tu

10 3433 11 3480 ξ
149 3431 181 3482 15
231 3421 320 3497 Quod
337 3425 394 3483 tibi
408 3427 453 3484 vis
468 3423 545 3503 dici,
568 3424 691 3506 dicere,
710 3427 826 3513 Fusco,
848 3435 947 3510 potes.
