2392 3888
452 136 497 198 n.
513 135 606 199 vnn.
622 136 847 198 minumus
966 211 970 216 ,

581 338 719 400 XXXVI.

212 452 309 528 Regia
322 451 531 532 pyramidum,
552 453 682 528 Caesar,
704 451 849 512 miracula
863 452 952 514 ride:

253 536 315 594 Iam
329 542 415 596 tacet
426 537 525 596 Eoum
542 537 674 596 barbara
687 537 842 614 Memphis
861 557 948 616 opus.

211 620 288 678 Pars
303 629 397 700 quota
409 619 592 680 Parrbasiae
606 619 694 680 labor
708 627 758 679 est
771 621 965 682 Mareoticus
982 621 1089 682 aulaei

254 702 376 764 Clarius
390 707 422 764 In
438 711 505 764 toto
518 703 564 764 nil
577 703 662 764 videt
674 707 752 764 orbe
768 703 843 765 dies.

190 787 370 868 oSeptenos
383 791 503 869 pariter
517 785 627 848 credas
642 807 804 868 assurgere
820 795 959 867 montes,

253 872 467 932 Thessalicum
484 873 609 932 brevior
622 871 733 933 Pelion
749 872 827 932 Cssa
838 871 919 936 tulit.

194 953 196 957 ’
211 957 350 1017 Aethera
364 959 409 1017 sic
423 959 536 1033 intrat,
557 955 666 1018 nitidis
679 963 714 1016 ut
729 955 870 1016 conditus
879 959 983 1016 ‚astris

254 1039 409 1101 Inferiore
425 1047 512 1100 tonet
527 1043 609 1100 nube
628 1060 757 1102 serenus
772 1059 850 1118 apex

210 1125 251 1184 Et
266 1127 351 1202 prins
367 1146 477 1186 aroana
492 1127 623 1204 satietur
638 1127 763 1186 numine
779 1125 916 1202 Phoebi,

168 1217 203 1270 10
251 1208 414 1268 Nascentis
429 1210 521 1269 Circe
539 1229 628 1288 qnam
643 1209 729 1269 videt
744 1228 800 1268 ora
813 1210 921 1286 patris.

122 1351 128 1366 ,
210 1291 313 1368 Haec,
337 1287 492 1370 Anguste,
513 1299 634 1371 tamen,
657 1312 735 1374 quae
750 1294 869 1352 vertice
881 1291 991 1352 sidera
1005 1289 1112 1376 pulsat,

251 1375 312 1435 Par
327 1374 435 1438 (lomus
450 1383 499 1438 est
514 1376 619 1454 caelo,
640 1377 697 1438 sed
710 1379 811 1437 minor
825 1381 874 1435 est
889 1376 1029 1438 domino.

569 1511 721 1580 XXXVII.

210 1622 299 1698 Quod
315 1623 462 1684 Caietano
477 1621 600 1701 reddis,
621 1622 840 1702 Polycharme,
863 1620 1016 1697 tabellas,

251 1705 340 1766 Milia
353 1714 386 1768 te
402 1714 524 1768 centum
539 1727 612 1768 num
630 1710 774 1768 tribuisse
791 1707 905 1788 putas?

210 1790 347 1868 „Debuit
365 1793 463 1852 baec“
481 1793 593 1870 inquis.
623 1793 695 1852 Tibi
706 1793 796 1870 habe,
807 1791 1026 1870 Polycharmo,
1040 1781 1145 1850 suello

250 1875 292 1934 Et
307 1876 456 1936 Caietano
471 1876 554 1936 milia
568 1877 661 1936 crede
677 1875 746 1939 duo.

566 1999 729 2072 XXXVIII.

209 2123 268 2198 Qui
282 2129 421 2203 praestat
434 2124 551 2202 pietate
565 2124 718 2202 pertinaci
767 2143 770 2148 ·

208 2207 343 2267 Sensuro
364 2208 443 2268 bona
456 2205 671 2284 liberalitatis,

208 2291 321 2372 Captet
333 2291 465 2352 forsitan
481 2297 533 2351 aut
548 2293 645 2352 vicem
659 2298 810 2370 reposcat,
887 2320 891 2328 ⁸

208 2376 251 2434 At
268 2378 294 2436 si
310 2377 378 2454 quis
394 2375 469 2446 dare
486 2377 604 2435 nomini
617 2375 730 2436 relicto

186 2459 283 2522 tl'ost
296 2478 401 2520 manes
415 2458 628 2540 tumulumque
642 2468 832 2542 perseverat,

207 2543 337 2620 Quaerit
353 2543 443 2622 qnid,
463 2545 524 2605 nisi
538 2546 661 2624 parcius
675 2542 808 2605 dolere?

18 2611 19 2622 ἵ
90 2689 96 2702 ,
205 2627 317 2687 Refert
331 2629 373 2688 sis
389 2629 503 2703 bonus,
525 2649 562 2688 an
576 2627 654 2689 velis
669 2627 779 2689 videri.

206 2712 350 2772 Praestas
365 2713 442 2789 hoc,
464 2713 596 2791 Melior,
619 2715 739 2774 sciente
752 2714 847 2792 fama,

206 2796 264 2871 Qui
279 2795 481 2857 sollemnibus
497 2799 602 2857 annius
617 2795 732 2876 sepulti

164 2880 323 2942 10Nomen
335 2901 397 2940 non
412 2883 487 2942 sinte
504 2883 635 2942 mterire
650 2880 768 2960 BlaesI,

205 2964 248 3023 Fit
262 2963 302 3023 de
316 2966 459 3024 munilica
474 2967 619 3045 profusus
634 2987 704 3025 arca

205 3045 254 3106 Ad
268 3047 443 3109 natalicInm
458 3049 540 3110 diem
557 3049 721 3120 colendum

206 3131 383 3192 Scribarum
398 3137 526 3194 memori
542 3137 679 3215 piaeque·
689 3137 799 3195 turbae

206 3215 296 3290 Quod
312 3216 422 3295 donas,
442 3218 518 3278 facis
534 3221 602 3297 ipse
616 3218 819 3280 Blaesianum.

162 3299 270 3356 lblloc
284 3297 410 3376 longum
427 3302 499 3377 tibi,
522 3304 583 3360 vita
598 3301 668 3361 dum
684 3304 836 3382 manebIt,

204 3379 272 3437 Hoc
288 3385 405 3456 etpost
419 3384 542 3441 cineres
558 3385 618 3442 erit
633 3387 791 3444 tributum.
845 3461 852 3470 ι
