2478 3922
473 171 597 220 sauma
617 174 689 220 XIV.

85 315 270 394 Flagrantem
294 312 352 372 late
375 321 403 370 et
425 313 587 390 rapientem
610 321 712 372 cuncta
734 311 858 387 videbis,

85 400 149 460 Nec
170 397 221 457 tibi
244 403 382 475 parcetur
404 398 529 469 misero,
555 394 756 473 trepidumque
779 397 944 472 magistrum

85 485 117 543 ln
139 499 230 542 cavea
253 495 357 557 magno
380 478 495 538 fremitu
520 477 568 538 leo
591 478 675 538 tollet
699 479 838 540 alumnus.

85 567 161 626 Nota
182 563 393 624 mathematicis
417 565 535 640 genesis
556 571 620 629 tua;
644 562 697 621 sed
718 580 808 640 grave
831 563 928 625 tardas

86 651 270 728 Exspectare
295 644 393 706 colus:
416 647 549 705 morieris
571 645 692 706 stamine
714 645 838 706 nondum

86 733 231 810 Abrupto.
265 728 324 789 lam
350 746 424 788 nunc
449 728 548 790 obstas
578 737 607 787 et
632 737 700 789 uota
722 731 854 805 moraris,
1020 743 1071 794 aso

86 817 146 877 lam
172 822 291 892 torquet
312 815 445 872 invenem
469 812 556 889 longa
579 821 608 871 et
631 815 747 874 cervina
770 822 916 875 senectus.

87 901 175 960 Ocius
199 897 388 974 Archigenen
410 913 518 974 quaere
541 905 628 974 atque
653 914 716 956 eme
738 896 815 975 quod
838 895 1016 959 Mithridates

88 982 274 1061 Composuit,
298 981 324 1040 si
346 982 391 1039 vis
413 980 497 1040 aliam
518 979 681 1056 decerpere
704 979 789 1039 ficum

87 1069 186 1145 Atque
209 1063 281 1126 alias
302 1072 429 1124 tractare
451 1079 545 1123 rosas.
578 1060 758 1122 Medicamen
779 1061 942 1125 habendum
962 1073 1017 1139 est,

87 1149 218 1211 Sorbere
239 1155 304 1207 ante
329 1147 423 1206 cibum
445 1146 524 1226 quod
546 1143 652 1205 debeat
673 1153 702 1206 et
724 1154 807 1224 pater
830 1155 859 1206 et
880 1164 943 1207 rex.
1020 1159 1070 1212 255

130 1231 262 1293 bionstro
284 1229 464 1308 uoluptatem
486 1231 651 1307 egregiam,
675 1231 722 1289 cui
745 1229 823 1290 nulla
849 1229 971 1308 theatra,

88 1315 175 1377 Nulla
199 1332 325 1393 aequare
349 1331 440 1393 queas
461 1315 606 1392 praetoris
630 1312 740 1392 pulpita
761 1312 840 1389 lauti,

89 1401 119 1460 Si
144 1406 280 1478 spectes,
308 1406 414 1477 quanto
438 1397 541 1476 capitis
564 1397 728 1459 discrimine
753 1405 886 1457 constent

88 1483 269 1544 incrementa
296 1479 414 1556 domus,
438 1489 536 1542 aerata
557 1479 663 1540 multus
684 1482 713 1540 in
737 1497 805 1541 arca

87 1567 192 1627 Fiscus
214 1574 243 1625 et
266 1564 302 1624 ad
322 1564 440 1641 vigilam
463 1563 588 1643 ponendi
612 1562 733 1626 Castora
755 1565 869 1638 nummi,
1019 1575 1071 1630 260

88 1651 134 1711 Ex
155 1666 214 1730 qno
239 1647 316 1708 Mars
337 1648 415 1709 ultor
436 1647 551 1724 galeam
573 1663 690 1726 quoque
714 1647 839 1725 perdidit
858 1655 888 1708 et
910 1665 958 1707 res

88 1734 154 1794 Non
177 1733 270 1811 potuit
293 1749 412 1792 servare
431 1748 509 1791 suas.
541 1730 622 1808 Ergo
646 1731 739 1790 omnia
761 1729 867 1791 Florae

87 1817 125 1878 Et
148 1815 266 1877 Cereris
291 1815 360 1876 iicet
380 1823 410 1874 et
431 1812 559 1890 Cybeles
582 1815 684 1876 aulaea
705 1814 870 1893 relinquas;

88 1902 181 1962 Tanto
203 1899 328 1960 maiores
350 1898 471 1959 humana
493 1900 612 1978 negotia
633 1898 701 1959 ludi.

85 1987 133 2044 An
156 1983 248 2061 magis
273 1982 421 2043 oblectant
441 1984 563 2043 animum
585 1984 690 2044 iactata
712 1991 833 2062 petauro
1020 1991 1071 2046 265

86 2069 222 2148 Corpora
244 2068 351 2146 quique
373 2065 451 2126 solet
472 2075 584 2127 rectum
606 2066 788 2127 descendere
810 2066 917 2141 funem,

86 2153 180 2226 Quam
206 2159 253 2226 tu,
276 2147 401 2226 Corycia
427 2168 544 2229 semper
565 2151 614 2230 qui
636 2169 734 2230 puppe
760 2151 881 2210 moraris

87 2237 187 2314 Atque
209 2233 336 2309 habitas,
360 2251 431 2294 coro
454 2252 571 2312 semper
593 2233 739 2294 tollendus
763 2242 792 2294 et
814 2241 922 2308 austro,

89 2318 236 2398 [Perditus
259 2335 294 2377 ao
314 2316 380 2376 vilis
403 2319 483 2379 sacci
506 2326 651 2379 mercator
674 2315 803 2394 olentis]

88 2403 145 2475 Qui
168 2400 279 2478 gaudes
303 2402 410 2479 pingue
432 2403 567 2480 autiquae
593 2400 629 2462 de
654 2400 739 2460 litore
764 2397 869 2458 Cretae
1021 2405 1073 2461 270

86 2487 209 2546 Passum
231 2493 260 2544 et
280 2485 440 2562 municipes
462 2484 540 2545 lovis
564 2485 718 2546 aduexisse
741 2478 884 2561 lagonas?

88 2568 144 2628 iiic
168 2577 261 2628 tamen
283 2569 401 2646 ancipiti
427 2568 520 2646 iigens
543 2570 667 2646 vestigia
689 2568 787 2648 planta

87 2653 204 2712 Victum
220 2651 271 2713 illa
291 2652 428 2713 mercede
449 2661 533 2731 parat
552 2652 737 2732 brumamque
758 2651 921 2728 famemque

88 2735 144 2795 Ilia
167 2743 246 2794 reste
268 2744 366 2797 cavet:
389 2744 420 2796 tu
442 2746 564 2815 propter
585 2736 664 2797 mille
683 2736 790 2797 talenta

87 2818 128 2877 Et
150 2826 263 2878 centum
284 2818 369 2879 uillas
392 2821 574 2881 temerarius.
608 2820 718 2898 Aspice
739 2827 841 2898 portus
1022 2826 1073 2882 275

88 2901 129 2961 Et
149 2901 267 2980 plenum
289 2904 400 2979 magnis
423 2902 553 2964 trabibus
575 2921 670 2964 mare:
697 2901 762 2982 plus
784 2900 938 2962 hominum.
952 2911 996 2962 est
1018 2902 1072 2962 iam

88 2985 121 3045 ln
143 2984 266 3064 pelago:
290 2987 389 3048 ueniet
410 2986 530 3062 classis,
555 3003 737 3066 quocumque
759 2987 872 3046 vocarit

88 3071 167 3147 Spes
193 3067 284 3146 lucri,
309 3088 364 3130 nec
388 3066 572 3149 Carpathium
594 3070 773 3149 Gaetulaque
797 3079 903 3146 tantum

87 3153 230 3230 Aequora
254 3153 413 3230 transiliet,
438 3153 491 3213 sed
515 3153 602 3233 longe
630 3152 721 3233 Calpe
743 3153 846 3214 relicta

88 3235 198 3295 Audiet
218 3235 366 3297 Herculeo
394 3237 563 3297 stridentem
584 3240 700 3316 gurgite
724 3237 826 3298 solem.
1022 3244 1076 3299 282

87 3319 206 3380 Crande
229 3336 339 3399 operae
366 3321 490 3400 pretium
512 3329 574 3398 est,
597 3330 628 3381 ut
651 3331 735 3381 tenso
759 3320 832 3380 ioile
854 3319 962 3379 reuerti

86 3402 159 3462 lude
182 3402 297 3464 domum
319 3406 417 3483 possis
441 3404 605 3483 tumidaque
629 3403 772 3483 superbus
795 3403 872 3463 aluta

129 3507 186 3545 mv.
202 3507 263 3546 sur.
885 3487 903 3541 7
