2392 3888
134 242 194 307 no
454 239 849 324 M.VAL.MART1nLIS

639 442 674 505 ll.

212 559 377 620 Fastorum
391 558 514 635 genitor
528 573 704 638 parensque
721 557 808 617 lanus

213 642 375 704 Victorem
388 640 479 700 modo
498 660 566 700 cum
580 639 704 700 videret
718 641 836 718 llistri,

214 725 279 786 Tot
291 723 394 785 voltus
408 725 468 785 sibi
481 744 543 785 non
559 725 633 784 satia
648 725 766 804 putavit

215 810 404 891 Optavitque
419 807 525 868 oculos
538 808 656 868 habere
672 806 793 889 pluresz

191 892 256 955 ont
269 891 374 970 lingua
386 893 505 973 pariter
519 889 640 952 locutus
654 891 737 950 omni

215 976 385 1037 Terrarum
401 975 524 1039 domino
541 973 662 1054 oleoque
678 993 782 1036 rerum
895 971 910 996 ⁰

211 1061 360 1121 Promisit
373 1058 495 1140 Pyliam
510 1065 619 1138 quater
635 1064 799 1119 senectam.

212 1142 334 1221 Addas,
355 1143 427 1204 lane
441 1149 548 1224 pater,
570 1135 654 1202 tuam
668 1161 817 1222 rogamus.

626 1277 675 1339 111.

212 1389 376 1468 „Quinque
392 1387 467 1448 satis
481 1389 622 1449 inerant:
641 1405 712 1447 nam
725 1403 781 1454 ‚sex
796 1391 955 1465 septemve
973 1387 1077 1450 libelli

253 1474 311 1532 Est
325 1471 465 1531 nimium:
488 1471 562 1551 qnid
578 1470 677 1540 adhuc
691 1469 818 1548 ludere,
839 1469 946 1558 illusa,
967 1473 1076 1533 iuvat?

212 1556 261 1616 Sit
273 1555 374 1637 pudor
389 1561 422 1616 et
435 1556 522 1615 finis:
545 1556 606 1614 iam
619 1556 689 1635 plus
702 1553 782 1614 nihil
795 1551 912 1613 adolere
931 1556 1024 1616 nobis

253 1639 347 1700 Fama
361 1645 483 1721 potest:
506 1640 621 1699 teritur
636 1643 744 1698 noster
757 1638 872 1716 ubique
886 1634 988 1714 liber;

189 1723 253 1787 5Et
269 1743 337 1782 oum
350 1730 441 1802 rupta
456 1724 517 1783 situ
532 1719 687 1782 Messalae
705 1741 775 1782 saxa
789 1721 935 1782 iacebunt

254 1805 388 1886 Altaque
404 1825 472 1866 cum
486 1805 586 1868 Licini
601 1825 754 1865 marmora
767 1803 867 1885 pulvis
882 1811 989 1884 erunt,

210 1889 265 1952 Me
280 1896 382 1950 tamen
398 1911 451 1949 ora
465 1889 573 1969 legent
586 1897 620 1949 et
633 1908 738 1949 secum
754 1885 905 1969 plurimus
919 1887 1039 1972 hospes

253 1971 301 2035 Ad
316 1975 431 2054 patrias
446 1972 537 2034 sedes
551 1975 685 2033 carmina
699 1979 805 2032 nostra
819 1971 934 2033 feret.“

210 2057 386 2135 Finieram,
406 2077 474 2118 cum
491 2059 535 2118 sic
550 2055 713 2138 respondit
726 2073 806 2116 nona
819 2071 976 2135 sororum,

170 2153 204 2205 10
252 2141 309 2202 cui
327 2161 412 2202 coma
426 2148 459 2201 et
473 2147 629 2220 unguento
646 2138 771 2200 sordida
785 2140 879 2198 vestis
895 2147 978 2200 erat:

212 2224 326 2305 „Tunc
338 2232 428 2305 potes
444 2224 569 2302 dulces,
591 2225 730 2303 ingrate,
751 2219 930 2300 relinquere
945 2226 1070 2304 nugas?

253 2309 310 2369 Dic
325 2310 417 2387 mihi,
440 2308 514 2388 quid
527 2305 636 2368 melius
646 2305 825 2367 desidiosus
841 2307 936 2385 ages?

212 2393 259 2455 An
274 2395 357 2454 iuvat
371 2393 409 2453 ad
424 2393 558 2471 tragicos
574 2410 696 2452 soccum
710 2390 884 2451 transferre
899 2391 1095 2473 cothurnos,

254 2477 374 2555 Aspera
384 2474 436 2537 vel
449 2476 575 2558 paribus
589 2473 673 2535 bella
689 2481 798 2535 tonare
813 2471 929 2553 morlis,

169 2556 374 2637 15Praelegat
392 2565 426 2619 ut
440 2558 575 2621 tumidus
591 2579 682 2619 rauca
696 2566 728 2618 te
744 2575 818 2618 voce
834 2559 979 2636 magister

254 2640 365 2702 Oderit
380 2650 414 2703 et
427 2643 551 2722 grandir
565 2643 651 2722 virgo
666 2644 825 2720 bonusque
839 2643 942 2722 pueri

94 2771 103 2786 .
212 2727 358 2788 Scribant
371 2726 431 2786 ista
443 2745 550 2805 graves
568 2727 691 2786 nimium
706 2725 893 2805 nimiumque
909 2730 1037 2808 severi,

253 2811 336 2888 Quos
352 2810 453 2870 media
467 2811 598 2870 miseros
612 2816 705 2870 nocte
719 2807 848 2869 lucerna
865 2807 960 2872 videt.

210 2895 252 2955 At
267 2901 301 2954 tu
315 2895 468 2954 Romanos
483 2891 591 2976 lepido
608 2891 672 2954 sale
685 2893 772 2972 tinge
786 2889 930 2954 libellos:

168 2987 203 3039 20
251 2978 407 3056 Agnoscat
421 2996 524 3039 mores
538 2979 600 3037 vita
612 2975 759 3056 legatque
775 2995 855 3038 suos.

210 3061 349 3139 Angusta
363 3070 488 3121 cantare
502 3060 581 3122 licet
593 3061 727 3122 videaris
741 3075 851 3138 avena,

253 3145 332 3204 llum
348 3150 399 3205 tua
414 3142 582 3206 multorum
596 3147 698 3205 vincat
712 3161 806 3204 avena
819 3142 942 3203 tubas.“

619 3277 671 3341 lV.

213 3387 368 3465 Quantus,
388 3389 438 3465 io,
458 3388 562 3450 Latiar
577 3388 683 3450 mundi
699 3396 866 3451 conventus
881 3387 920 3449 ad
932 3410 1006 3452 aras

253 3467 390 3549 Suscipit
405 3476 437 3530 et
452 3469 544 3531 solvit
557 3493 615 3552 pro
630 3471 708 3532 rluce
722 3475 794 3534 'vota
808 3473 877 3534 suo!
941 3489 946 3498 ·
