2460 3878
360 213 853 298 urruaaorm'rouumm.
1068 235 1130 303 eta

534 385 682 448 LXXVll.

175 499 209 559 lu
227 498 366 557 omuibus
381 497 518 558 Vacerra
534 495 616 576 quod
632 493 826 557 conclavibus
853 487 859 498 ⁴

175 581 336 643 Consumit
348 581 441 640 horas
455 587 488 640 et
503 576 553 639 (lie
568 587 634 640 toto
650 578 755 655 sedet,

175 665 338 724 Cenaturit
352 662 504 741 Vacerra,
527 683 588 722 uon
604 664 760 724 cacaturit.

529 795 689 856 uxxvru.
711 763 713 766 ’

175 914 273 973 Utere
286 877 430 974 femineis
448 909 674 990 complexibus,
696 918 802 988 utere,
824 911 949 990 Victor,

203 996 416 1074 'ignotumque
432 996 492 1056 sibi
505 991 644 1056 mentula
659 993 757 1057 diseat
774 1013 858 1074 opus.

173 1077 332 1139 Flammea
347 1083 493 1139 texuntur
508 1095 654 1158 sponsae,
675 1078 734 1138 iam
749 1079 835 1155 virgo
850 1082 991 1159 paratur,

216 1160 375 1224 Tondebit
387 1178 501 1243 pueros
515 1162 575 1222 iam
587 1178 666 1220 nova
679 1167 775 1241 nupta
788 1167 867 1222 tuor.

151 1245 343 1306 5Paerlicare
361 1243 460 1306 semel
476 1241 587 1324 cupido
603 1242 688 1304 dabit
701 1241 756 1304 illa
769 1246 897 1324 marito,

123 1383 126 1388 .
214 1330 292 1389 Dum
306 1329 416 1389 metuit
430 1327 487 1390 teli
502 1326 629 1388 volnera
642 1328 742 1406 prima
758 1329 837 1388 nevi.

173 1413 303 1493 Saepius
317 1414 377 1472 hoo
391 1413 461 1472 fleri
475 1413 580 1471 nutrix
593 1417 753 1489 materque
767 1412 915 1472 vetabunt

213 1497 255 1556 lut
271 1494 391 1556 dicent:
413 1496 536 1573 „Uxor‚
557 1513 620 1555 nou
633 1512 728 1573 puer,
748 1496 808 1553 ista
820 1495 879 1553 tibi
895 1497 975 1555 est.“

173 1580 244 1640 Heu
259 1585 389 1660 quantos
405 1585 523 1656 aestus,
546 1583 676 1656 quantos
692 1577 813 1655 patiere
826 1575 968 1653 laborer,

134 1671 172 1725 10
221 1661 254 1723 Si
269 1663 367 1722 luerit
381 1679 496 1724 ouuuus
510 1679 562 1720 rer
575 1661 741 1740 peregriua
755 1659 826 1720 tibi!

170 1747 254 1826 Ergo
270 1746 448 1807 Suburanae
461 1746 595 1805 tironem
608 1742 697 1802 trade
711 1745 885 1822 magistrae.

213 1827 269 1889 llla
283 1831 381 1889 virum
396 1829 508 1904 faciet3
528 1847 591 1888 uon
605 1828 686 1888 bene
701 1828 787 1906 virgo
804 1825 905 1889 (locet.

543 1959 677 2020 LXXIX.

169 2059 219 2120 Ad
234 2061 364 2139 primum
382 2057 499 2118 decima
511 2056 645 2137 lapidem
661 2053 743 2134 quod
758 2055 895 2115 uenimus
909 2057 1001 2134 hora,

139 2149 143 2153 '
214 2144 379 2220 Arguimur
391 2139 495 2200 lentae
511 2141 640 2199 crimine
654 2139 807 2218 pigritiae.

170 2225 239 2284 Nou
255 2233 305 2285 ast
317 2227 378 2285 ista
392 2221 533 2302 quidem,
555 2240 617 2281 nou
633 2225 681 2280 eat
695 2238 777 2298 mea,
799 2220 856 2280 secl
871 2227 922 2281 ιιι
937 2222 1027 2304 culpa
1042 2231 1105 2303 est,

212 2309 329 2369 Misisti
343 2306 439 2366 mulas
454 2307 506 2385 qui
523 2306 614 2382 milri,
628 2304 748 2381 Paete,
770 2309 846 2363 tuas.

543 2437 664 2499 LXXX.

171 2552 259 2612 Litus
273 2553 383 2611 beatae
399 2548 534 2610 Veneris
548 2567 674 2608 aureum
688 2549 794 2626 lisias,

170 2635 259 2695 Baias
274 2635 426 2715 superbae
440 2629 551 2692 blanda
566 2631 645 2693 dona
658 2639 804 2710 naturae,

170 2718 214 2779 Ut
229 2715 316 2778 mille
330 2714 470 2792 laudem,
491 2715 623 2792 Flaece,
645 2715 786 2776 versibus
799 2714 904 2792 Baias,

171 2799 315 2861 Laudabo
333 2798 426 2876 (ligne
440 2817 500 2858 uon
516 2800 589 2858 ιιιιί
604 2805 707 2858 tamen
724 2797 822 2859 Brias.

149 2885 235 2946 aSed
249 2881 427 2945 Martialem
440 2880 540 2956 malo,
560 2880 691 2959 lilaece,
714 2900 802 2958 quam
815 2881 912 2941 Baias.

171 2969 288 3048 Optare
304 2972 467 3043 utrumque
482 2965 617 3044 pariter,
638 2965 771 3044 improbi
784 2971 888 3026 votum
903 2970 960 3024 est.

174 3049 304 3128 Quodsi
319 3048 446 3108 deorum
461 3065 589 3108 munere
602 3049 663 3107 hoe
675 3048 733 3108 tibi
749 3046 856 3128 detur,

172 3134 252 3211 Quid
267 3131 445 3212 gaudiorum
460 3136 510 3191 ert
523 3129 678 3192 Martialis
693 3138 726 3191 et
738 3132 844 3192 lisiae!

544 3264 678 3326 LXXXI.

172 3374 250 3435 Gum
265 3390 339 3432 seue
353 3390 544 3433 communem
557 3377 647 3433 vexat
658 3369 753 3451 spado
768 3368 936 3449 Dindymus
951 3366 1070 3447 Aegleu

213 3456 256 3517 lit
268 3457 350 3515 iacet
364 3458 397 3515 iu
414 3453 515 3516 medio
530 3457 612 3516 sicca
624 3452 730 3535 puella
744 3458 822 3514 toro.
860 3534 921 3597 18*
969 3545 977 3568 ι
