2392 3888
67 187 128 250 188
392 187 436 248 Μ.
452 187 545 246 vit.
561 186 788 246 Mummius

152 340 242 398 Hune
258 358 316 399 nec
330 340 501 417 Cinyphius
516 349 625 398 tonsor
639 337 818 415 violaverit,
833 349 867 399 et
881 349 916 400 tu

194 424 263 502 lpse
278 432 331 482 tua
344 425 430 502 pasci
443 425 523 500 vite,
544 422 665 500 Lyaeo,
688 422 775 482 velis.

152 509 257 584 Terga
269 509 384 586 premit
399 506 528 585 pecudis
542 508 673 584 geminis
689 508 785 565 Amor
799 525 910 566 aureus
927 507 986 568 alis

193 589 350 664 Palladius
366 597 478 650 tenero
492 589 574 650 lotos
589 592 628 648 ab
645 609 701 649 ore
717 599 815 650 sonat.

109 686 143 738 15
150 676 201 735 Sic
216 676 437 753 Methymnaeo
452 677 570 752 gavisus
585 675 702 734 Arione
717 674 846 754 delphin

192 759 349 837 Languida
364 779 425 819 non
439 761 565 817 tacitum
580 778 639 838 per
653 759 834 818 fretarexit
847 777 936 817 onus.

150 845 268 904 lmbuat
282 845 441 922 egregium
457 842 551 920 digno
565 843 641 901 mihi
657 850 784 902 nectare
797 862 906 902 munus

192 927 262 988 Nou
279 946 374 1006 grege
394 927 433 986 de
449 926 581 1002 domini,
603 925 660 986 sed
674 933 743 1003 tua,
765 927 877 1002 Ceste,
899 944 1012 986 manus

151 1014 263 1090 (leste,
287 1012 382 1071 decus
398 1029 539 1087 mensae,
560 1012 657 1070 misce
671 1011 794 1070 Setina:
814 1009 940 1070 videtur

108 1103 144 1155 Ἃ)
191 1097 262 1176 lpse
277 1115 356 1175 puer
370 1097 477 1172 nobis,
494 1097 563 1174 ipse
579 1097 669 1154 sitire
686 1113 792 1174 caper.

40 1193 48 1200 ‘
150 1181 212 1240 Det
227 1199 387 1239 numerum
402 1181 521 1257 cyathis
535 1179 667 1238 Instanti
678 1177 789 1239 littera
803 1179 888 1239 Ruti:

194 1265 311 1323 Auctor
326 1267 408 1322 euim
423 1265 503 1322 tanti
519 1265 656 1323 muneris
673 1262 729 1322 ille
746 1264 829 1322 milri.

152 1348 185 1408 Si
200 1345 372 1407 Telethusa
386 1349 472 1406 venit
484 1349 697 1426 promissaque
713 1346 823 1424 gradio
836 1351 960 1425 portat,

195 1432 349 1491 Servabor
363 1431 521 1510 dominae,
541 1432 639 1507 llufc,
661 1433 779 1490 triente
794 1438 864 1502 tuo;

109 1515 185 1576 rosi
200 1515 292 1576 dubia
309 1523 374 1592 est,
396 1523 545 1595 septunce
557 1517 681 1589 trahar;
703 1515 730 1573 si
744 1513 828 1573 fallit
844 1519 1003 1574 amantem

193 1601 236 1662 Ut
252 1599 387 1678 iugulem
403 1619 507 1676 ouras,
530 1605 819 1677 nomenutrumque
833 1598 947 1657 bibam.

559 1744 620 1804 Lll.

152 1856 325 1917 Tonsorem
339 1873 485 1935 puerum,
508 1854 565 1914 sed
580 1864 647 1915 arte
660 1853 771 1933 talem,

152 1940 257 2016 Qualis
271 1957 329 1998 uec
346 1938 511 1998 Thalamus
528 1940 588 1998 luit
602 1941 753 2017 Neronis,

151 2025 320 2084 Drusorum
337 2026 386 2082 cui
401 2025 561 2101 contigere
577 2025 708 2098 barbae,

152 2106 337 2187 Aequandas
353 2104 451 2166 semel
468 2107 507 2165 ad
522 2125 616 2185 genas
631 2115 756 2185 rogatus

130 2193 250 2266 cilinio,
274 2190 476 2266 Caedicium,
499 2191 695 2251 commodavi.

151 2275 228 2334 llum
245 2275 345 2334 iussus
359 2276 478 2353 repetit
491 2273 572 2355 pilos
587 2274 729 2350 eosdem,

151 2361 291 2419 Censura
304 2357 424 2437 speculi
438 2365 557 2418 manum
572 2365 720 2437 regente,

151 2444 359 2523 Expingitque
375 2450 476 2503 cutem
491 2445 627 2522 facitque
642 2443 764 2521 longam

151 2527 297 2587 Detonsis
313 2527 537 2605 epaphaeresin
553 2526 690 2607 capillis,

110 2621 144 2673 10
150 2611 299 2671 Barbatus
314 2610 389 2668 mihi
401 2617 510 2670 tonsor
525 2618 573 2670 est
586 2630 739 2672 reversus.

551 2740 626 2801 Llll.

151 2854 387 2916 Formosissima
401 2872 480 2933 quae
493 2854 582 2913 fuere
597 2852 647 2913 rel
661 2858 749 2930 sunt,

154 2936 217 2997 Sed
231 2937 379 2999 vilissima
395 2957 472 3018 quae
487 2938 577 2997 lucre
591 2938 641 2997 vel
656 2943 744 3014 suut,

152 3021 179 3081 0
195 3041 284 3100 quam
301 3029 333 3083 te
348 3023 435 3098 lieri,
458 3020 597 3098 Catulla,
617 3020 731 3081 vellem

150 3105 330 3167 Formosam
345 3107 462 3185 minus,
485 3111 536 3164 out
550 3107 645 3184 magis
659 3103 816 3186 pudicam!

551 3233 629 3295 LlV.

152 3345 266 3421 Magna
281 3344 358 3404 licet
371 3346 487 3406 totiens
502 3346 638 3421 tribuas,
659 3346 775 3405 maiora
789 3343 916 3404 daturus

194 3426 298 3504 Dona,
321 3426 430 3487 ducum
447 3428 563 3505 victor,
585 3429 684 3489 victor
701 3430 815 3508 etipse
829 3429 891 3504 tui,
