2500 3912
402 793 750 872 PRAEFATIO

147 1019 195 1113 De
207 1056 310 1113 Decimo
322 1055 390 1112 ludio
401 1055 511 1111 iuvenale
520 1071 582 1128 quae
592 1071 696 1120 sermm,
714 1021 801 1126 partim
811 1057 885 1127 ipsios
896 1059 974 1114 satiris
985 1061 1070 1128 partini

95 1142 257 1214 grammaticis
273 1139 442 1196 etscholiastis
459 1139 589 1205 dehemus,
607 1153 710 1212 quomm
726 1145 806 1194 tamen
823 1141 1033 1222 inpar-rationibus
1043 1153 1070 1199 ut

95 1239 134 1285 ea,
144 1240 203 1298 qnae
215 1240 247 1280 ex
258 1230 345 1295 poetae
355 1223 435 1279 serbis
453 1223 554 1278 collecta
571 1237 680 1296 quaeque
692 1223 787 1279 aliunde
804 1231 901 1296 accepta
918 1231 943 1280 et
959 1227 1070 1299 antiquae

95 1308 167 1363 lamae
182 1308 230 1365 lide
249 1307 337 1365 tradite
354 1323 407 1362 esse
424 1306 546 1383 probabile
559 1307 605 1373 sit,
624 1313 690 1362 recte
706 1307 897 1380 distinguantur,
918 1310 992 1380 ipsius
1002 1311 1069 1366 dese

96 1393 226 1448 testimonia
243 1391 351 1463 momnis
369 1405 445 1462 pauca
460 1391 526 1460 prins
544 1390 619 1446 audiri
641 1405 702 1462 opus
721 1398 766 1446 osu
801 1390 832 1446 Et
852 1393 953 1462 patriam
972 1395 1068 1464 quidem

96 1475 208 1545 Aquinum
218 1475 362 1531 Volscomm
372 1475 487 1546 oppidum
497 1475 560 1530 clare
576 1481 694 1530 memorat
704 1473 754 1531 Sat.
765 1474 805 1530 111.
817 1478 879 1536 319.
899 1491 945 1530 nec
955 1477 1069 1546 pueritiae
1141 1499 1142 1502 ¹

96 1560 281 1629 grammaticam,
289 1557 977 1628 adolescentiaerhetoricamdisciplinamdissimulstl.15.
985 1560 1069 1622 16;de

96 1642 238 1698 ritaeautem
248 1643 327 1712 spatio
337 1641 396 1698 illud
407 1648 500 1698 tantum
511 1642 666 1712 assequimur,
674 1647 701 1696 ut
710 1655 765 1696 eum
771 1640 880 1706 Neronis,
891 1641 986 1706 Galbae,
994 1641 1069 1698 Otho·

97 1725 144 1789 ois.
158 1725 290 1782 Domitiani
300 1733 409 1796 tempora
419 1725 506 1780 vidisse
516 1723 601 1796 hisque
610 1725 762 1795 superstitem
774 1740 823 1779 non
833 1725 905 1781 modo
916 1725 1069 1782 suhTmiano

98 1807 189 1865 llarium
194 1810 305 1864 Priscum
317 1809 350 1875 (l.
361 1811 410 1870 49;
421 1808 483 1864 lllll.
498 1810 560 1876 120)
571 1808 710 1864 damnatum
720 1809 864 1873 mequomo,
875 1809 918 1864 sed
929 1809 966 1864 vel
977 1810 1007 1864 ad
1015 1810 1069 1864 lun·

98 1904 147 1946 cum
162 1893 286 1948 consnrlem
305 1891 369 1958 (XV.
380 1895 429 1958 al)
440 1897 543 1946 aetatem
552 1891 693 1961 produxisse
709 1891 885 1963 intelligamus,
902 1907 974 1964 quem
994 1909 1068 1964 qrmm

98 1989 116 2026 a.
128 1979 173 2032 rut
184 1992 208 2047 p.
221 1976 281 2032 Chr.
293 1976 461 2046 magistratum
472 1975 577 2046 gessisse
588 1981 683 2030 constet
698 1975 744 2042 (ci.
756 1975 875 2030 Cardmali
885 1976 909 2030 in
920 1975 982 2030 Diss.
995 1977 1067 2030 Acad.

98 2054 160 2112 llom.
171 2058 291 2116 archaeol.
310 2061 377 2116 1835
394 2059 422 2112 l.
439 2057 484 2121 Vl,
496 2073 520 2127 p.
532 2061 613 2127 lid),
631 2058 779 2130 Borghesius
790 2059 815 2114 iu
825 2057 984 2114 eruditissima
1001 2075 1068 2115 com-

98 2143 232 2198 mentatione
252 2144 349 2198 tommo
366 2141 499 2197 elderedi
509 2137 636 2198 σίουαιαιο
654 2141 725 2197 Rom.
745 2144 813 2200 1847
831 2150 927 2212 poetam
943 2143 1007 2197 circa
1026 2159 1067 2196 an·

97 2237 147 2277 num
156 2228 188 2282 dl
200 2243 223 2296 p.
237 2226 296 2282 Chr.
307 2233 391 2281 natum
401 2239 454 2280 esse
465 2225 580 2286 coniecit:
592 2225 766 2297 peregrinando
778 2225 880 2295 denique
893 2240 920 2280 se
930 2227 1067 2296 Aegyptum

98 2305 174 2362 adiisse
191 2310 241 2380 ipse
257 2309 310 2368 Sat.
327 2309 378 2364 XV.
395 2311 429 2365 45
447 2308 599 2380 significarit
634 2308 704 2362 Hunc
720 2308 785 2362 enim
801 2309 883 2362 locum
898 2314 926 2362 ut
941 2323 997 2362 cum
1015 2307 1066 2366 Vel.

97 2387 201 2448 lrauclio
211 2393 330 2448 inilxam.
343 2391 483 2448 critiuvcn.
494 2392 557 2446 vitae
567 2391 660 2458 (Alton.
674 2393 750 2446 1820.
764 2392 794 2458 8)
806 2405 829 2460 p.
837 2393 872 2448 48
882 2405 933 2460 sqq.
947 2397 1068 2462 tamquam

96 2472 238 2532 subditiuum
254 2477 407 2532 eliminemus
422 2475 511 2530 adcove
528 2480 603 2529 totam
615 2475 711 2530 satiram
729 2487 785 2528 cum
796 2472 850 2530 Car.
862 2473 971 2545 Kempfic
981 2476 1005 2530 io
1018 2473 1068 2530 01)-

95 2570 149 2614 scrr.
166 2559 194 2614 ad
211 2560 294 2618 lunen.
313 2559 404 2632 aliquot
419 2558 689 2625 locos(Berol.1843,
707 2557 738 2626 8)
756 2573 780 2628 p.
793 2561 828 2616 60
838 2574 890 2629 sqq.
906 2557 1019 2616 Iuvenale
1032 2561 1068 2613 in-

95 2638 184 2710 dignam
194 2643 342 2708 iudicemus,
354 2643 419 2698 nullo
430 2657 502 2696 causa
512 2649 561 2704 est;
573 2643 605 2696 cl.
617 2641 644 2698 G.
659 2641 763 2712 Pinzger
774 2640 805 2696 de
815 2656 877 2696 vers.
889 2657 954 2711 spur.
966 2648 992 2696 et
1006 2642 1068 2696 mole

94 2737 153 2793 susp.
169 2725 194 2780 iu
211 2725 294 2782 luten.
307 2727 374 2782 satir.
385 2725 480 2780 Vrata'sl.
501 2727 578 2783 luat.
589 2729 621 2792 4,
638 2741 662 2796 p.
675 2731 710 2782 20
726 2731 751 2779 et
769 2725 795 2780 d.
815 2724 842 2779 L.
856 2723 941 2780 Dollen
952 2724 1025 2779 Beitr.
1044 2742 1066 2778 z.

95 2803 163 2862 Kritilt
181 2826 205 2864 u.
218 2809 285 2867 Eril.
298 2811 321 2866 d.
332 2809 447 2876 Juvenal,
464 2807 533 2864 Kiew
543 2811 621 2868 lucc.
633 2811 664 2876 8,
683 2823 709 2879 p.
722 2809 773 2863 sul
785 2825 855 2879 sqq:
874 2808 947 2864 modo
968 2823 998 2862 ue
1008 2807 1067 2862 iilud

95 2889 144 2944 inde
153 2891 312 2965 colligamus,
324 2893 390 2964 quod
402 2892 565 2966 grammaticis
581 2891 701 2948 nonnullis
720 2891 823 2960 placuit,
842 2897 884 2946 aut
893 2893 991 2946 omniuo
1002 2906 1067 2944 mor·

95 2979 157 3028 tuum
166 2990 219 3031 esse
229 2977 255 3031 iu
265 2977 376 3048 Aegypto
387 2975 523 3032 Iuvenalem
539 2985 580 3031 aut
597 2976 692 3030 exulem
707 2975 765 3030 illuc
776 2975 912 3044 pervenisse
922 3017 929 3042 ,
947 2973 1011 3046 quod
1021 2974 1066 3028 etsi

95 3063 168 3112 nostra
179 3074 274 3131 quoque
284 3067 362 3115 aetate
373 3060 469 3130 plurimi
485 3057 600 3127 credunt,
619 3066 700 3114 minen
710 3071 757 3112 uec
767 3065 853 3128 poetae
864 3057 941 3114 verbis
951 3059 1014 3112 inest
1024 3072 1066 3111 ne-

95 3153 135 3206 que
150 3157 178 3196 eo
193 3144 292 3198 testium
310 3158 429 3200 consensu
451 3139 572 3206 firmatur,
593 3149 621 3197 ut
644 3143 755 3198 idoneam
779 3142 947 3198 auctoritatem
969 3140 1064 3196 hahent..

96 3217 180 3294 Quippe
189 3231 218 3282 ut
227 3227 276 3282 iam
287 3227 316 3282 ad
325 3227 371 3282 hos
381 3227 457 3282 oratio
469 3232 586 3292 transeat,
603 3226 632 3281 ad
648 3240 720 3281 unam
733 3224 798 3279 illum
809 3225 883 3280 vitam
900 3226 958 3280 satis
970 3224 1066 3294 antiqua

97 3305 180 3376 origiue
189 3312 357 3380 conspicuam,
378 3325 450 3383 quam
460 3308 533 3365 Probi
551 3309 648 3364 nomine
658 3308 777 3380 Georgius
788 3307 853 3364 Valla
871 3309 896 3363 in
907 3309 963 3364 edit.
975 3307 1065 3362 Veneta

96 3399 115 3438 ²·
126 3391 188 3449 1486
197 3393 327 3463 publicarit
345 3395 488 3464 codicesque
499 3393 636 3463 complures
646 3392 779 3464 atqueipse
796 3392 902 3462 optimus
918 3391 1065 3446 Pithoeanus

98 3476 191 3539 lltmu'o
208 3479 336 3534 recentiori
352 3493 424 3534 mauu
438 3477 565 3548 ascriptam
577 3475 705 3539 exhibent,
722 3474 839 3544 temporis
841 3474 954 3590 decursu
964 3479 990 3524 et
1001 3471 1064 3522 uitae

822 3570 836 3608 a
