2460 3878
94 177 156 242 2⁶8
416 177 461 239 M.
479 175 574 238 VAL.
587 175 814 238 MARTlALlS

178 331 243 392 Gur
256 348 315 389 uec
330 327 477 408 Pompeia
490 327 594 388 lentua
609 329 759 408 spatiatur
773 331 807 388 iu
819 331 942 409 umbra,

220 413 285 473 Nec
298 413 380 492 petit
394 410 555 471 Inachidos
569 409 698 470 limina?
726 413 774 472 Nc
787 413 897 475 futuat.

156 499 244 559 tilur
257 492 502 556 Lacedaemonio
515 493 633 554 luteum
647 503 804 556 ceromate
819 516 930 578 corpur

220 577 387 640 Perfundit
402 576 505 658 gelidr
520 578 674 657 Virginei
703 579 750 639 Ne
763 579 874 643 iutuat.

180 666 257 724 (lum
274 664 318 724 alc
331 663 458 723 feminei
474 664 597 741 generis
613 665 754 742 contagia
768 664 865 742 vitet,

222 750 286 809 Gur
298 746 389 826 lingit
403 765 534 806 cunnum
549 746 698 807 Lattara?
723 747 770 807 Ne
784 747 894 808 iutuat.

548 880 682 944 XLVlll.

180 978 273 1041 Slliua
286 979 363 1042 haec
377 980 478 1057 magui
491 977 634 1040 celebrat
648 979 837 1039 monimenta
848 979 1008 1060 Maronia,

221 1063 330 1142 Iugera
343 1061 467 1124 facundi
483 1063 536 1142 qui
550 1063 711 1124 ciceronio
725 1064 831 1124 hahet.

181 1145 340 1207 Heredem
355 1144 570 1226 dominumque
585 1147 633 1205 aui
648 1144 795 1206 tumulive
808 1144 922 1206 larisve

225 1230 293 1289 Nou
308 1228 399 1288 ulium
414 1227 521 1290 mallet
534 1248 593 1291 nec
607 1229 714 1307 Maro,
735 1248 793 1289 nec
808 1230 929 1291 Cicero.

562 1361 679 1428 xum„

183 1462 243 1524 lam
257 1477 356 1542 prope
372 1457 514 1522 desertos
530 1461 650 1520 cineres
667 1466 701 1520 et
715 1467 820 1528 :auctr
833 1460 974 1521 Maronia

228 1545 359 1606 Nomina
374 1544 427 1623 qul
442 1540 579 1621 coleret,
600 1562 716 1624 pauper
731 1549 764 1604 et
777 1554 862 1604 unua¹
874 1551 952 1604 erat.

185 1628 281 1690 Siliua
297 1634 420 1708 optatae
435 1645 618 1686 succurrere
634 1629 755 1687 cenauit
768 1629 911 1704 umbrae,
934 1627 948 1647 ⁸

224 1711 316 1772 Silius
332 1718 365 1771 et
379 1717 478 1771 vatem
493 1728 556 1769 nou
572 1712 671 1770 minua
688 1711 755 1791 ipse
768 1710 848 1771 tulit.

602 1833 636 1894 L.

224 2013 404 2096 Ileapoliea:
425 2022 510 2077 tanta
524 2015 693 2076 calliditate
708 2017 800 2095 rapia.

181 1929 274 1990 Nulla
289 1938 337 1992 eat
351 1933 428 1992 hora
441 1933 500 1992 tibi
516 1953 575 2012 qua
588 1951 650 1992 non
664 1950 729 2009 me,
748 1928 871 2012 Phylli,
892 1931 1054 1994 furentem

183 2098 269 2159 Nunc
284 2098 386 2179 plorat
401 2099 526 2180 speculo
541 2097 635 2159 fallax
650 2097 761 2160 ancilla
774 2097 903 2176 relicto,

225 2183 353 2242 (lemma
365 2182 416 2244 rel
431 2204 447 2242 a
463 2182 575 2262 digito,
597 2181 649 2243 vel
663 2183 746 2244 cadit
761 2201 835 2244 aure
849 2181 945 2264 lapis;

162 2265 273 2328 §Nunc
288 2267 401 2327 furtiva
414 2264 494 2327 lucri
508 2268 578 2328 lieri
591 2267 774 2348 bombycina
788 2272 934 2348 possunt,

225 2350 391 2411 Profertur
406 2349 509 2412 Cosmi
522 2370 603 2411 nunc
617 2353 692 2412 mihi
708 2353 806 2412 riccua
823 2369 918 2429 ony13

184 2434 340 2514 Amphora
357 2454 438 2495 nuuc
450 2437 568 2516 petitur
581 2437 663 2513 nigri
678 2437 796 2495 carioaa
810 2433 953 2510 Falerni,

224 2519 338 2599 Expiet
350 2524 385 2577 ut
399 2536 520 2579 aomnoa
538 2519 660 2598 garrula
673 2539 744 2598 saga
756 2525 841 2591 tuoa;

183 2602 271 2662 Nunc
284 2608 320 2661 ut
333 2619 430 2662 emam
445 2600 629 2679 grandemve
645 2601 750 2682 lupum
763 2598 928 2663 mullumve
943 2599 1101 2682 bilibrem,

8 2689 9 2712 ¹
25 2723 30 2737 ·
146 2697 177 2749 10
225 2685 338 2746 lndlxit
353 2703 458 2746 cenam
474 2685 560 2746 diver
574 2687 669 2746 amica
684 2687 749 2747 tibl.

187 2770 236 2829 Sit
248 2769 348 2850 pudor
364 2777 396 2830 et
410 2767 536 2830 tandem
549 2772 615 2830 veri
630 2777 794 2850 respectus
808 2774 841 2829 et
855 2769 969 2850 aequi„

227 2854 277 2916 Nil
292 2856 367 2933 tihi,
386 2851 507 2934 Phylli,
528 2871 623 2932 nego:
645 2853 690 2914 nil
706 2854 797 2930 mihi,
819 2850 938 2932 Phylli,
960 2869 1048 2930 nega.

599 2989 647 3050 Ll.

185 3084 285 3144 Tanta
299 3091 348 3145 eat
363 3101 441 3163 quae
456 3085 542 3146 Titio
557 3083 698 3146 columna
712 3085 846 3167 pendet,

185 3170 333 3245 Quantam
349 3168 545 3247 Lampsaciae
560 3169 667 3230 colunt
682 3167 816 3248 puellae.

185 3253 245 3312 llic
259 3251 345 3313 nullo
361 3253 526 3311 comitante
540 3270 599 3313 uec
614 3250 745 3311 molcato

186 3335 331 3394 Thermia
346 3333 512 3410 grandibus
525 3340 558 3392 et
572 3336 635 3394 auia
648 3332 775 3393 lavatur.

160 3418 325 3492 nhnguste
341 3416 443 3474 Titius
458 3421 562 3474 tamcu
575 3415 702 3476 lavatur.
