2478 3922
415 239 541 288 saulus
564 241 621 288 XV.

90 384 216 446 Naturae
243 381 366 461 imperio
387 382 547 458 gemimus,
573 395 657 459 qppm
678 379 763 442 sunus
788 381 904 444 adultae

90 469 217 546 Virginis
240 466 369 527 occurrit
393 465 442 524 vel
466 473 543 524 terra
566 463 710 524 clauditur
736 463 829 526 inians
1073 537 1076 544 Δ

88 553 127 613 Et
149 553 241 611 minor
263 551 331 628 igue
354 551 435 626 rogi;
459 549 523 628 quis
547 548 622 606 enim
645 547 738 609 bouus
762 559 791 609 et
812 550 878 612 lace
901 555 1003 632 dignus
1029 549 1079 620 14'0

87 637 223 710 Arcana,
247 633 363 713 qualem
390 629 508 692 Cereris
530 631 593 690 vult
616 649 684 691 csse
707 634 859 711 sacerdos,

89 720 156 781 Ulla
179 719 274 779 aliena
296 715 352 776 sibi
377 717 470 778 credit
491 712 588 776 mala?
625 716 750 794 Separat
773 717 831 779 hoc
853 739 907 781 uos

89 805 117 862 Α
142 819 235 880 grege
256 809 415 875 mutorum,
439 809 526 879 atque
549 799 617 860 ideo
640 800 809 861 venerabile
832 805 888 865 soli

88 888 190 948 Sortiti
211 887 357 964 ingenium
380 884 599 962 divinorumque
622 899 748 962 capaces

88 972 186 1049 Atque
215 968 389 1030 exercendis
416 968 625 1047 capiendisque
652 967 761 1028 artibus
788 971 848 1048 apti
1029 990 1077 1044 lia

87 1057 213 1115 Sensum
240 1072 256 1114 a
279 1053 405 1125 coelesti
430 1053 587 1113 demissum
607 1053 746 1112 traximus
769 1071 848 1129 arce,

88 1137 178 1199 Cuius
200 1146 289 1216 egent
310 1153 403 1216 prona
426 1143 457 1196 et
477 1144 584 1195 terram
606 1137 777 1213 spectantia.
817 1136 914 1202 Mundi

87 1223 233 1300 Principio
258 1221 377 1284 indulsit
403 1220 561 1280 communis
583 1219 717 1280 conditor
739 1220 797 1280 illis

88 1306 210 1366 'lantum
235 1306 360 1382 animas,
382 1304 467 1366 nobis
490 1306 613 1364 animum
634 1321 767 1384 quoque,
791 1315 905 1369 mutuus
927 1322 958 1372 ut
979 1332 1032 1376 uos

88 1391 221 1450 Affectus
244 1399 348 1469 petere
371 1389 506 1449 auxilium
529 1397 558 1448 et
582 1396 734 1467 praestare
756 1388 880 1468 iuberet,
1024 1412 1075 1464 150

87 1475 249 1553 Dispersus
272 1471 390 1534 trabere
410 1473 439 1532 iu
461 1472 615 1552 populum,
638 1473 764 1549 migrare
787 1484 903 1536 vetusto

86 1558 135 1618 Dc
156 1575 276 1618 nemore
298 1566 328 1617 et
349 1558 467 1637 proavis
492 1556 634 1617 habitatas
657 1555 789 1634 linquere
815 1559 914 1640 silvas,

88 1642 254 1703 Aedificare
274 1641 395 1718 domos,
420 1639 530 1701 laribus
555 1641 735 1716 coniungere
756 1644 863 1703 nostris

87 1725 210 1786 Tectum
231 1725 323 1802 aliud,
350 1735 430 1786 tutos
451 1725 548 1785 vicino
575 1723 671 1784 limina
694 1741 811 1785 somnos

86 1809 127 1870 Ut
150 1809 257 1871 collata
279 1809 361 1870 daret
383 1809 505 1886 fiducia,
529 1817 688 1887 protegere
712 1810 799 1869 armis
1026 1831 1073 1882 155

86 1894 211 1972 Lapsum
236 1902 286 1954 aut
306 1895 416 1971 ingenti
437 1900 582 1954 nutantem
604 1892 725 1953 vulnere
749 1895 853 1971 civem,

87 1976 239 2038 Communi
259 1977 329 2041 dare
351 1979 435 2056 signa
457 1976 541 2052 tuba,
570 1975 722 2036 defendier
749 1977 840 2038 isdem

86 2061 228 2121 Turribus
249 2071 337 2142 atque
358 2079 414 2121 una
436 2070 585 2139 portarum
611 2060 694 2121 clave
721 2063 824 2121 teneri.
899 2097 902 2105 ι

85 2145 148 2206 Sed
170 2147 225 2205 iam
250 2156 416 2224 serpentum
437 2144 531 2206 maior
552 2146 728 2213 concordia;
752 2148 845 2224 parcit

86 2229 229 2306 Cognatis
250 2229 371 2290 maculis
392 2229 494 2290 similis
517 2228 598 2290 iera:
625 2227 740 2308 quando
763 2229 842 2289 leoni
1025 2243 1075 2298 160

84 2313 206 2373 Fortior
228 2314 332 2392 eripuit
351 2315 438 2376 vitam
460 2310 533 2373 leo?
558 2330 616 2391 quo
639 2328 758 2371 nemore
782 2330 914 2391 umquam

31 2445 34 2452 .
83 2396 256 2475 Exspiravit
280 2413 353 2476 aper
374 2398 491 2457 maioris
513 2396 646 2458 dentibus
670 2393 755 2473 apri?

82 2480 185 2542 ludica
210 2482 291 2558 tigris
320 2482 380 2560 agit
399 2481 499 2542 rabida
523 2499 587 2541 cum
608 2479 715 2557 tigrida
738 2493 840 2558 pacem

84 2565 279 2643 Perpetuam,
304 2567 402 2626 saevis
425 2568 500 2626 iuter
523 2583 559 2625 se
579 2565 715 2625 convenit
732 2565 824 2623 ursis:

83 2648 143 2707 Ast
166 2648 273 2709 bomini
293 2650 401 2710 ierrum
424 2649 514 2710 letale
536 2649 641 2710 incude
662 2648 787 2708 nefanda
1022 2662 1074 2717 165

82 2731 265 2792 Produxisse
290 2751 390 2812 pamm
415 2742 476 2810 est,
502 2750 588 2816 quum
609 2742 702 2793 rastra
724 2741 754 2792 et
780 2733 894 2795 sarcula
915 2743 1021 2797 tautum

82 2815 209 2876 Assueti
231 2833 360 2898 qoquerc
385 2827 415 2878 et
432 2819 534 2877 marris
557 2835 592 2878 ac
613 2834 734 2877 vomere
759 2816 829 2876 lassi

82 2899 254 2961 Nescieriut
278 2902 361 2980 primi
382 2901 499 2979 gladios
524 2901 684 2965 extendere
706 2899 791 2960 labri.

81 2985 253 3064 Aspicimus
276 2985 419 3065 populos,
445 3004 567 3066 quorum
588 3003 647 3046 non
668 2983 777 3045 sullieit
799 2985 859 3046 irae

83 3067 240 3131 Occidisse
262 3069 405 3149 aliquem,
429 3071 483 3131 sed
506 3080 646 3149 pectora,
669 3067 804 3144 brachia,
827 3069 936 3131 vultum
1024 3077 1074 3132 lio

82 3149 273 3214 crediderint
292 3171 386 3231 genus
408 3172 476 3215 esse
500 3153 573 3224 cibi;
598 3153 667 3234 qnid
688 3153 802 3214 diceret
826 3170 899 3231 ergo

78 3235 138 3296 Vel
166 3254 226 3316 quo
252 3254 310 3297 non
332 3237 464 3316 lugeret,
490 3240 514 3298 si
538 3257 615 3298 nuuc
635 3238 709 3300 baec
732 3246 860 3297 monstra
885 3238 1009 3312 videret,

78 3319 284 3399 Pythagoras,
312 3323 423 3382 cunctls
447 3322 617 3383 animalibus
638 3323 775 3383 abstinuit
795 3321 844 3399 qui

78 3402 240 3485 Tamquam
265 3403 381 3466 bomine
410 3415 439 3468 et
466 3408 560 3466 ventri
585 3406 701 3467 indulsit
724 3423 782 3466 non
808 3419 892 3464 omne
914 3401 1073 3478 legumen?
