2426 3900
125 205 166 270 32
445 205 489 266 M.
506 204 597 265 VAL.
613 203 838 264 MAR'I'IALIS

210 360 325 437 Accipe
340 377 402 416 non
415 356 507 416 Pario
520 358 659 415 nutantia
673 355 813 435 pondera
825 376 914 433 saxo,

252 442 337 517 Quae
352 441 451 500 ciuerl
466 459 559 499 vanus
576 438 628 498 dat
643 441 763 498 ruitura
776 437 885 518 labor,

188 525 274 588 oSed
288 522 397 584 faciles
412 526 507 583 buxos
523 530 555 582 et
570 542 679 601 opacas
693 521 829 602 palmitis
844 526 968 584 umbras

254 610 400 686 Quaeque
417 608 520 666 virent
531 604 668 666 lacrimis
682 605 806 666 roscida
819 615 909 686 prata
920 609 1012 669 meis.

210 694 343 772 Accipe,
365 709 435 751 aare
452 708 546 770 puer,
568 691 667 748 nostri
683 691 870 750 monimenta
884 688 1022 752 doloris:

252 777 312 836 Hie
326 776 383 834 tibi
398 780 549 855 perpetuo
565 780 705 853 tempore
719 774 802 833 viret
814 773 923 835 honor.

212 861 288 922 Cum
302 859 377 919 mihi
392 876 551 938 supremos
567 857 714 917 Lachesis
728 859 909 937 perueverit
921 878 1038 940 anuos,

172 953 204 1006 ιο
251 945 320 1004 Νοιι
335 940 427 1003 aliter
442 942 564 1001 cineres
581 939 691 999 mando
706 941 810 1000 iacere
824 959 918 1002 meos.

565 1073 730 1136 LXXXIX.

213 1187 320 1246 Garris
335 1188 367 1245 ln
382 1203 486 1245 aurem
502 1204 625 1265 semper
640 1187 796 1264 omnibus,
819 1187 934 1265 (iluna,

213 1271 321 1330 Garris
336 1276 369 1329 et
385 1267 462 1328 illud
476 1275 558 1330 teste
574 1267 656 1348 quod
669 1268 748 1330 licet
761 1272 861 1330 turba.

212 1352 307 1413 Rides
321 1354 354 1412 in
369 1371 489 1431 aurem,
512 1355 671 1432 quereris,
694 1355 814 1434 arguis,
834 1351 955 1433 ploras,

214 1438 326 1498 Cantas
341 1439 374 1496 in
389 1455 509 1515 aurem,
530 1436 664 1515 iudicas,
683 1444 783 1517 taces,
807 1437 936 1516 clamas,

191 1520 364 1601 5Adeoque
379 1522 502 1603 penitus
517 1520 599 1581 sedit
613 1521 664 1580 hic
677 1515 734 1583 tibi
749 1525 889 1599 morbus,

214 1606 257 1665 Ut
276 1624 368 1697 saepe
383 1608 415 1666 in
432 1623 553 1682 aurem,
576 1605 692 1682 (iluna,
715 1604 879 1666 Gaesarem
893 1603 1014 1667 laudes.

618 1753 682 1813 XC.

216 1866 305 1943 Quod
318 1885 471 1945 nunqnam
485 1866 619 1925 maribus
637 1867 768 1926 cinctam
782 1872 831 1946 te,
851 1869 961 1946 Bassa,
978 1868 1125 1932 videbam

257 1950 408 2029 Quodque
421 1951 481 2009 tibi
493 1950 654 2009 moechum
668 1948 772 2010 fabula
786 1950 870 2011 nulla
886 1950 995 2030 dabat,

216 2034 313 2094 0mue
330 2033 387 2094 sed
402 2033 535 2093 officium
550 2034 631 2092 clrca
645 2040 678 2094 te
692 2051 816 2114 semper
833 2036 937 2097 obibat

258 2118 364 2177 Turba
378 2118 424 2177 tui
439 2135 544 2193 sexus,
565 2135 627 2175 non
644 2116 783 2178 adeunte·
794 2119 879 2193 vlro;

194 2201 294 2263 elisae
309 2201 482 2278 videbaris,
502 2200 621 2277 fateor,
642 2200 787 2262 Lucretia
799 2203 905 2262 nobis:

257 2288 299 2347 At
314 2293 364 2366 tu,
386 2305 443 2365 pro
459 2285 596 2361 facinus,
619 2284 729 2363 Bassa,
749 2286 870 2346 fututor
884 2304 964 2345 eras.

215 2371 300 2432 Inter
315 2389 348 2430 se
364 2371 502 2449 geminos
518 2367 612 2428 audes
626 2370 819 2429 committere
834 2389 950 2430 cunnos

257 2455 473 2532 Mentiturque
487 2453 584 2511 virum
606 2451 784 2531 prodIgiosa
798 2453 913 2515 Venus.

217 2537 396 2597 Commenta
411 2553 445 2594 es
460 2534 582 2612 dignum
599 2536 748 2596 Thebano
763 2539 934 2616 aenigmate
950 2543 1141 2614 monstrum,

177 2629 210 2681 10
257 2619 318 2678 Hic
331 2621 383 2679 ubi
397 2621 445 2679 vir
459 2637 521 2678 non
537 2626 601 2697 eat,
623 2626 658 2678 ut
672 2621 713 2679 sit
729 2619 923 2682 adulterium.

614 2753 693 2816 xcl.

218 2865 293 2926 Gum
307 2873 359 2926 tua
373 2885 435 2926 non
449 2866 540 2944 edas,
562 2868 662 2946 carpis
677 2884 744 2927 mea
761 2869 910 2946 carmina,
928 2865 1025 2927 Laeli.

259 2949 396 3030 Garpere
410 2948 460 3010 vel
473 2948 539 3011 noli
553 2957 660 3010 nostra
673 2949 724 3011 vel
740 2950 799 3011 ede
813 2957 875 3014 ιιιιι.

607 3084 697 3145 XCII.

220 3195 320 3277 Saepe
335 3197 409 3256 mihi
425 3198 566 3275 queritur
580 3217 642 3256 non
660 3198 750 3258 siccis
766 3198 877 3258 Cestos
894 3193 1019 3273 ocellis,

260 3280 359 3358 Tangi
374 3298 408 3340 se
423 3280 538 3360 digito,
559 3281 769 3359 Mamuriane,
784 3287 847 3343 tuo.

215 3363 284 3422 Non
300 3383 376 3442 opus
391 3371 439 3424 est
453 3364 566 3443 dIgito:
588 3370 686 3424 totum
700 3367 758 3425 tihi
774 3366 890 3426 Ceston
904 3364 1039 3443 habeto,

258 3446 291 3505 Si
308 3446 396 3506 deest
410 3445 456 3506 nil
473 3446 575 3523 aliud,
598 3447 807 3525 Mamuriane,
828 3449 895 3508 tibi.
