2528 3876
119 231 183 298 832

445 237 489 300 M.
506 235 596 300 VAL.
613 241 838 304 MAR'l'lALlS

450 438 527 503 ΟΝ.
550 437 669 504 Saccus
681 445 827 506 mortius

202 537 374 598 Attenuare
386 539 474 600 nives
487 547 603 599 norunt
618 545 650 599 et
664 540 761 603 lintea
775 551 895 604 nostra:

244 620 402 700 Frigidior
418 621 487 683 oolo
502 641 564 682 non
579 624 650 684 salit
664 625 745 686 unda
759 633 821 687 tuo.

415 756 478 821 GV.
507 755 631 820 Urceoli
641 761 865 822 ministratorii.

201 851 329 932 Frigida
344 865 405 915 non
421 854 519 933 desit,
538 875 599 916 non
615 856 718 918 deerit
732 855 820 918 calda
832 863 965 938 petenti.

244 937 307 998 Sed
321 943 355 999 tn
370 957 491 1000 morosa
503 937 616 1000 ludere
629 961 724 1022 parce
740 944 801 1005 siti.
973 949 983 962 '

469 1073 546 1135 CVI.
573 1071 689 1136 Urceus
693 1075 814 1155 fietile's.

201 1171 261 1232 llio
276 1171 335 1232 tibi
351 1170 482 1233 donatur
499 1172 600 1253 panda
613 1175 709 1234 ruber
724 1193 834 1235 urceus
849 1195 931 1235 ansa.

243 1254 365 1316 Stoicus
379 1256 439 1316 lroc
454 1255 587 1334 gelidam
600 1255 720 1318 Fronto
732 1261 859 1340 petebat
873 1279 991 1339 aquam.

514 1390 605 1454 cvll.
630 1389 764 1453 calathi.

105 1533 109 1542 .
199 1488 262 1549 Nos
275 1487 395 1568 Satyri,
417 1506 473 1548 nos
487 1489 624 1552 Bacchus
640 1499 734 1568 amat,
749 1511 811 1552 ‘nos
826 1492 913 1552 ebria
927 1494 1036 1574 tigris,

240 1572 388 1633 Perfusos
403 1571 517 1633 domini
531 1571 671 1635 lambere
686 1575 776 1636 docta
788 1575 896 1656 pedes.

412 1706 516 1768 GVlll.
542 1706 661 1770 Gnoses
673 1709 854 1792 Saguntini.

198 1805 283 1882 Quae
297 1825 360 1866 non
375 1801 529 1866 sollicitus
544 1810 651 1867 teneat
667 1815 833 1887 servetque
848 1809 1006 1890 minister,

242 1889 335 1951 Sume
350 1890 519 1968 Saguntino
533 1889 646 1971 poeula
662 1892 742 1953 facta
756 1891 832 1954 luto.

437 2025 514 2086 cni.
542 2026 662 2088 Calices
674 2029 833 2108 gemmati.

131 2157 134 2164 ,
199 2121 391 2194 Gemmatum
407 2123 561 2202 Scythicis
576 2129 610 2183 ut
622 2120 727 2183 luceat
740 2124 864 2202 ignibus
878 2145 1001 2204 aurum,
1033 2090 1041 2104 ο

240 2206 364 2288 Aspice.
390 2207 479 2284 'Quot
493 2206 607 2286 digitos
622 2209 707 2268 enuit
721 2209 781 2268 iste
797 2207 889 2268 calin!

445 2341 509 2405 CX·
533 2342 684 2424 Ampulla
693 2309 830 2423 potoria,

197 2439 264 2500 llac
277 2437 354 2500 lieet
368 2440 401 2500 in
416 2459 550 2520 gemma,
573 2449 675 2502 servat
690 2459 768 2521 quae
783 2442 906 2516 nomina
919 2441 1041 2520 Cosmi,

169 2591 177 2608 ι
237 2523 425 2602 LunurIose‚
443 2525 547 2603 bibas,
569 2527 595 2585 si
611 2525 718 2586 foliata
734 2526 812 2586 sitis.

480 2658 556 2719 cxl.
582 2657 783 2738 crystallina.
1018 2733 1033 2754 ο

194 2754 354 2836 Frangere
368 2754 440 2816 (lum
454 2757 581 2833 metuis,
604 2758 728 2834 franges
744 2752 938 2834 crystallina:
960 2764 1093 2835 peccant

79 2850 83 2856 '
238 2840 372 2901 Securae
386 2841 513 2901 nimium
527 2838 743 2920 sollicitaeque
758 2859 872 2900 manns.

329 2976 335 2984 “
450 2974 540 3034 cxli.
563 2969 692 3034 Nimbus
705 2976 815 3034 viteus.

194 3072 221 3132 A
235 3071 305 3132 love
322 3072 375 3151 qni
388 3073 510 3151 veniet,
532 3072 688 3134 miscenda
704 3073 742 3132 acl
755 3070 866 3152 pocula
879 3071 980 3150 largas

233 3154 360 3218 Fundet
374 3155 494 3216 nimbus
510 3175 622 3236 aquas:
640 3158 692 3217 hic
707 3157 766 3221 tibi
781 3159 849 3216 vina
866 3155 961 3216 dabit.
1088 3155 1093 3162 “

492 3289 596 3350 cxlii.
620 3290 770 3351 Murrina.

191 3383 223 3442 Si
239 3382 360 3444 caldum
374 3393 480 3466 potas,
499 3387 621 3478 ardenti
636 3395 738 3448 murra
750 3385 887 3447 Falerno

233 3464 386 3525 convenit
400 3475 434 3526 et
447 3469 557 3528 melior
570 3471 606 3528 tit
621 3468 800 3549 superinde
814 3487 910 3530 mero.
