2460 3878
354 234 690 298 EPIGRAMMATON
708 235 781 296 LIB.
797 235 860 296 XII.

170 391 296 450 Etcum
311 387 439 448 lucerna
451 404 628 466 corneoque
643 395 765 447 cratere

171 471 303 534 Matella
318 478 405 530 curto
419 478 511 550 rupta
523 470 624 530 latere
639 471 782 530 meiebat.

171 556 257 617 Foco
271 555 385 616 urenti
399 556 525 614 suberat
537 554 702 634 amphorae
718 552 836 614 cerviam

132 641 278 704 15Fuisse
293 656 401 718 gerres
415 644 468 698 aut
480 637 608 699 inutiles
623 656 745 698 maenas

172 723 258 785 Odor
272 721 443 802 impudicus
458 723 546 782 urcei
559 722 731 793 fatebatur,

172 805 299 884 Qualem
315 807 450 866 marinae
465 807 550 866 mlsit
564 825 637 866 aura
650 806 798 886 piscInae.

171 893 236 952 Nec
252 888 367 969 quadra
382 887 490 949 deerat
505 891 586 950 casei
601 886 775 964 Tolosatis,

173 973 338 1051 QuadrIma
352 973 433 1051 nigri
448 991 507 1032 neo
521 991 635 1034 corona
648 970 734 1052 pulei

129 1057 344 1137 bocalvaeqne
358 1062 460 1117 restes
474 1054 612 1135 ullioque
627 1057 792 1135 cepisque,

172 1143 236 1202 Nec
251 1140 344 1221 plena
357 1140 442 1219 turpi
456 1141 563 1200 matria
578 1137 641 1200 olla
654 1140 774 1216 resina,

173 1225 427 1286 Summoenianae
442 1243 501 1302 qua
514 1222 652 1304 pilantur
667 1240 788 1283 uxores.

173 1308 256 1385 Quid
267 1309 390 1387 quaeris
405 1307 498 1368 aedes
512 1307 681 1387 vilicoeque
697 1304 839 1384 derides,

172 1394 321 1452 Habitare
336 1392 448 1469 gratis,
469 1410 488 1450 o
504 1391 655 1468 Vacerra,
677 1409 745 1450 cum
759 1389 882 1470 possis?

131 1477 257 1541 beaec
272 1475 457 1534 sarcinarum
472 1493 582 1554 pompa
596 1474 741 1534 convenit
754 1475 851 1553 ponti.

541 1634 675 1695 XXXIII.

174 1751 217 1812 Ut
231 1766 345 1829 pueros
361 1754 480 1808 emeret
493 1746 663 1824 Labienus,
685 1745 825 1807 vendidit
838 1746 956 1805 hortos.

215 1833 267 1892 Nil
282 1832 341 1891 nisi
356 1831 480 1892 ficetum
495 1850 576 1890 nunc
590 1830 743 1891 Labienus
757 1832 860 1894 habet.

539 1993 676 2055 XXXIV.

175 2107 317 2185 Trigiuta
331 2107 405 2166 mihi
424 2111 629 2185 quattuorque
643 2124 760 2166 messes

175 2191 308 2268 Tecum,
331 2193 357 2250 si
371 2189 510 2267 memini,
532 2189 638 2266 luere,
660 2187 727 2252 Iuli.

175 2275 309 2351 Quarum
324 2271 426 2332 dulcia
439 2274 531 2333 mixta
545 2281 617 2332 sunt
631 2275 757 2348 amaris,

176 2356 239 2416 Sed
252 2355 383 2417 iucunda
397 2362 500 2416 tamen
514 2357 603 2416 luere
617 2356 714 2437 plura.

152 2442 218 2504 olli
232 2442 258 2500 ai
273 2439 406 2500 calculus
422 2442 520 2518 omnIs
536 2441 595 2500 bno
610 2448 643 2500 ct
656 2437 733 2498 illuc

174 2525 320 2584 Diuersus
335 2522 516 2604 bicolorque
531 2523 706 2603 digeratur,

175 2609 289 2670 Vincet
303 2607 433 2667 candida
447 2610 536 2668 turba
551 2610 727 2688 nIgriorem.

174 2692 208 2752 Si
224 2692 322 2752 vitare
337 2690 422 2751 voles
437 2693 548 2752 acerba
565 2692 714 2772 quaedam

173 2777 215 2835 nt
227 2775 334 2834 tristes
350 2775 442 2833 animi
457 2793 716 2851 conmemorans,

134 2854 259 2923 loanll
275 2865 307 2918 te
321 2857 414 2917 iacias
428 2859 518 2916 nimis
533 2857 679 2920 sodalem.

175 2940 332 3003 Gaudebis
347 2941 461 3019 minus,
484 2949 516 3001 et
535 2943 634 3001 minus
649 2939 777 3000 dolebis.

548 3089 672 3152 XXXV.

175 3200 333 3279 Tanquam
348 3199 531 3281 simpliciter
545 3221 681 3279 mecum,
703 3198 898 3277 Callistrato,
919 3200 1016 3278 vivas,

216 3284 328 3346 llicerc
342 3286 497 3365 percisum
510 3291 542 3346 te
556 3287 631 3345 mibi
647 3303 740 3364 saepe
754 3281 847 3344 soles.
926 3309 930 3320 ·

173 3367 243 3428 Non
260 3386 293 3427 es
308 3374 368 3428 tum
382 3367 527 3449 simplex,
551 3389 639 3447 quam
654 3371 716 3444 ria,
739 3364 936 3445 callistum,
959 3363 1055 3430 orell.

216 3449 291 3510 Nam
308 3453 445 3531 quisquIs
461 3461 567 3512 narrat
581 3450 673 3527 talia,
695 3449 783 3530 plura
798 3456 888 3509 tacet.

864 3532 923 3594 19*

1066 232 1127 296 291
