2426 3900
454 668 499 741 Μ.
528 667 632 741 VAb.
661 667 915 745 MARTIAblS
1014 669 1018 674 ’

366 835 998 936 uuiunnnnnucn
1189 901 1190 980 ,

568 1039 731 1102 menn
757 1042 793 1103 11.
1189 997 1190 1006 Ν

401 1176 469 1244 Vae,
486 1176 642 1238 Martialis
654 1176 797 1237 Deciano
812 1173 877 1238 Suo
891 1175 959 1239 sat.

287 1269 397 1386 „liniti
416 1306 528 1367 nobis“
548 1307 650 1385 inquis
677 1326 767 1385 „cum
787 1306 942 1388 epistole?
970 1328 1116 1389 purumne
1137 1307 1176 1367 tibi

198 1397 409 1472 praestamus,
445 1392 472 1451 si
498 1388 630 1470 legimus
656 1392 896 1471 epigrammate?
930 1391 1003 1471 quid
1028 1395 1079 1454 hic
1105 1409 1176 1474 perro

198 1473 341 1536 dicturus
365 1494 416 1554 es,
452 1472 535 1554 quod
555 1493 617 1534 non
645 1477 745 1554 possis
765 1477 905 1536 versibus
926 1475 1055 1536 dicere?
1097 1475 1175 1540 Video

198 1578 298 1640 quare
313 1557 455 1640 tragoedi
478 1565 571 1638 etque
594 1558 733 1619 comoedi
753 1558 915 1639 epistolem
931 1559 1101 1640 accipiunt,
1129 1559 1177 1638 qui·

175 1645 260 1704 bbus
281 1663 338 1725 pro
362 1662 397 1704 sc
419 1643 506 1721 loqui
529 1661 592 1702 non
616 1641 707 1703 licet:
740 1644 958 1723 epigrammate
985 1645 1114 1704 curione
1135 1659 1178 1702 nun

200 1733 297 1805 egent
317 1733 351 1787 et
371 1733 517 1786 contentu
539 1733 611 1786 sunt
629 1747 683 1788 sue
695 1726 807 1805 lingua.
843 1727 877 1788 ln
892 1745 1073 1807 quecunque
1092 1727 1192 1809 pagins*

196 1811 299 1870 visum
314 1816 377 1889 est,
405 1809 566 1890 epistolum
580 1809 706 1871 fuciunt.
738 1808 811 1870 Noli
819 1823 918 1890 ergo,
944 1811 971 1870 si
990 1812 1049 1871 tibi
1066 1811 1181 1870 videtur.

196 1912 268 1954 rem
288 1895 394 1956 fucere
416 1891 578 1955 ridiculum
598 1900 631 1954 et
651 1895 684 1953 in
704 1901 775 1974 togn
791 1893 914 1956 saltanti
928 1892 1080 1954 inducere
1094 1911 1182 1975 perso·

196 1996 280 2037 num.
323 1977 463 2056 Denique
485 1977 618 2055 videris,
647 1998 685 2038 an
705 1983 737 2039 te
752 1976 891 2039 delectet
916 1985 1024 2038 contra
1039 1979 1183 2038 retiarium

153 2058 311 2123 loferulu.
352 2061 419 2139 Ego
440 2063 523 2122 inter
544 2059 618 2120 illes
645 2061 740 2123 sedeo
756 2064 815 2142 ‚qui
835 2063 977 2142 protinus
997 2060 1184 2122 reclament*¹

197 2145 279 2206 Puto
294 2143 502 2223 mehercule,
523 2143 676 2224 Deciune,
702 2165 809 2207 verum
828 2145 914 2206 dicis.
949 2143 1047 2222 Quid,
1069 2145 1193 2206 sisciae

199 2249 269 2290 cum
290 2249 349 2309 qun
369 2235 402 2290 et
423 2249 512 2309 quum
530 2227 624 2308 longa
643 2229 776 2310 epistole
788 2231 946 2310 negotium
964 2229 1063 2289 lucris
1080 2229 1189 2288 hebitu-

173 2313 275 2374 ‘rusl
316 2313 424 2393 ltaque
447 2313 530 2394 quod
551 2314 647 2392 exigis
669 2315 731 2375 lint.
774 2313 940 2375 Debebunt
964 2313 1071 2373 tibist
1097 2309 1190 2392 quiin

196 2397 281 2458 bunc
300 2395 414 2458 librum
436 2397 620 2476 inciderint,
655 2398 738 2478 quod
764 2397 803 2458 nd
826 2398 955 2478 primum
975 2397 1122 2476 peginam
1140 2409 1191 2452 nou

152 2488 192 2541 1⁵
199 2477 275 2540 lassi
289 2481 483 2559 pervenient.

243 2671 309 2733 'l'er
324 2679 455 2733 centena
471 2672 595 2753 quidem
609 2681 736 2755 poteras
751 2677 968 2756 epigrammata
981 2675 1089 2754 ierne,

284 2755 347 2817 Sed
362 2759 430 2836 quis
445 2763 478 2818 te
494 2758 595 2819 ferret
608 2756 871 2839 perlegeretque,
892 2757 997 2820 liber?

240 2841 283 2902 At
296 2859 377 2902 nunc
393 2841 543 2902 succincti
557 2859 635 2922 qnae
650 2843 713 2904 sint
727 2845 807 2904 bona
822 2843 907 2903 disce
921 2841 1034 2904 libelli.

281 2924 351 2985 Hoc
365 2926 498 3005 primum
512 2931 575 3000 est,
597 2925 722 2987 brevior
739 2924 821 3007 quod
837 2927 914 2987 mihi
929 2927 1034 2988 charte
1047 2927 1160 3007 perit;

216 3006 379 3085 5Deinde,
401 3007 485 3088 quod
498 3009 575 3070 buce
591 3029 649 3069 une
665 3011 788 3090 peregit
800 3007 947 3071 librarius
959 3011 1054 3088 horu,

280 3090 346 3152 Nec
361 3097 479 3153 tuntum
495 3094 585 3171 nugis
599 3095 716 3154 serviet
726 3093 783 3155 ille
798 3095 894 3168 meis;

237 3173 350 3236 Tertia
364 3193 415 3235 res
429 3176 507 3237 haec
522 3184 586 3255 est,
605 3175 688 3257 qued
706 3179 734 3238 si
748 3179 797 3239 cui
811 3178 895 3238 forte
909 3175 1043 3258 legeris,

281 3258 331 3319 Sis
343 3256 421 3319 licet
434 3278 532 3340 usque
547 3258 662 3338 malus,
685 3280 747 3321 non
762 3259 887 3322 odiosus
902 3263 975 3324 eris.

239 3340 287 3401 'l'e
303 3344 427 3402 convive
439 3341 527 3420 leget
541 3345 636 3404 mixte
650 3345 837 3423 quincunce,
859 3343 916 3406 secl
930 3351 1002 3406 ente

192 3431 231 3485 10
278 3424 409 3505 Incipiet
421 3423 540 3505 punitus
557 3444 646 3504 quam
660 3429 797 3508 tepuisse
815 3427 903 3490 culix.
